@article{bentsen2019integrable,
  title = {Integrable and {{Chaotic Dynamics}} of {{Spins Coupled}} to an {{Optical Cavity}}},
  author = {Bentsen, Gregory and Potirniche, Ionut-Dragos and Bulchandani, Vir B. and Scaffidi, Thomas and Cao, Xiangyu and Qi, Xiao-Liang and {Schleier-Smith}, Monika and Altman, Ehud},
  year = {2019},
  month = oct,
  volume = {9},
  pages = {041011},
  issn = {2160-3308},
  doi = {10/ggcd2g},
  journal = {Physical Review X},
  number = {4}
}

@article{beverland2016realizing,
  title = {Realizing exactly solvable $\mathrm{SU}(N)$ magnets with thermal atoms},
  author = {Beverland, Michael E. and Alagic, Gorjan and Martin, Michael J. and Koller, Andrew P. and Rey, Ana M. and Gorshkov, Alexey V.},
  year = {2016},
  month = may,
  volume = {93},
  pages = {051601},
  doi = {10/gcsjf4},
  annotation = {00000},
  journal = {Physical Review A},
  number = {5}
}

@article{mancini2015observation,
  title = {Observation of Chiral Edge States with Neutral Fermions in Synthetic {{Hall}} Ribbons},
  author = {Mancini, M. and Pagano, G. and Cappellini, G. and Livi, L. and Rider, M. and Catani, J. and Sias, C. and Zoller, P. and Inguscio, M. and Dalmonte, M. and Fallani, L.},
  year = {2015},
  month = sep,
  volume = {349},
  pages = {1510--1513},
  issn = {0036-8075, 1095-9203},
  doi = {10/f7r2nm},
  journal = {Science},
  number = {6255},
  pmid = {26404829}
}

@article{pagano2014onedimensional,
  title = {A One-Dimensional Liquid of Fermions with Tunable Spin},
  author = {Pagano, Guido and Mancini, Marco and Cappellini, Giacomo and Lombardi, Pietro and Sch{\"a}fer, Florian and Hu, Hui and Liu, Xia-Ji and Catani, Jacopo and Sias, Carlo and Inguscio, Massimo and Fallani, Leonardo},
  year = {2014},
  month = mar,
  volume = {10},
  pages = {198--201},
  publisher = {{Nature Publishing Group}},
  issn = {1745-2481},
  doi = {10/f5t2bk},
  journal = {Nature Physics},
  number = {3}
}

@incollection{stellmer2013degenerate,
  title = {Degenerate Quantum Gases of Strontium},
  booktitle = {Annual {{Review}} of {{Cold Atoms}} and {{Molecules}}},
  author = {Stellmer, Simon and Schreck, Florian and Killian, Thomas C.},
  year = {2013},
  month = dec,
  volume = {Volume 2},
  pages = {1--80},
  publisher = {{WORLD SCIENTIFIC}},
  doi = {10.1142/9789814590174_0001},
  isbn = {978-981-4590-16-7},
  series = {Annual {{Review}} of {{Cold Atoms}} and {{Molecules}}}
}

@article{hazzard2012hightemperature,
  title = {High-Temperature Properties of Fermionic Alkaline-Earth-Metal Atoms in Optical Lattices},
  author = {Hazzard, Kaden R. A. and Gurarie, Victor and Hermele, Michael and Rey, Ana Maria},
  year = {2012},
  month = apr,
  volume = {85},
  pages = {041604},
  publisher = {{American Physical Society}},
  doi = {10/gjs364},
  journal = {Physical Review A},
  number = {4}
}

@article{messio2012entropy,
  title = {Entropy Dependence of Correlations in One-Dimensional $\mathrm{SU}(N)$ Antiferromagnets},
  author = {Messio, Laura and Mila, Frédéric},
  year = {2012},
  month = nov,
  volume = {109},
  pages = {205306},
  publisher = {American Physical Society},
  doi = {10/gddjt5},
  journal = {Physical Review Letters},
  number = {20}
}

@article{bonnes2012adiabatic,
  title = {Adiabatic Loading of One-Dimensional $\mathrm{SU}(N)$ Alkaline-Earth-Atom Fermions in Optical Lattices},
  author = {Bonnes, Lars and Hazzard, Kaden R. A. and Manmana, Salvatore R. and Rey, Ana Maria and Wessel, Stefan},
  year = {2012},
  month = nov,
  volume = {109},
  pages = {205305},
  publisher = {American Physical Society},
  doi = {10/f4fp3g},
  journal = {Physical Review Letters},
  number = {20}
}

@article{yip2014theory,
  title = {Theory of $\mathrm{SU}(N)$ Fermi liquids},
  author = {Yip, S.-K. and Huang, Bor-Luen and Kao, Jung-Shen},
  year = {2014},
  month = apr,
  volume = {89},
  pages = {043610},
  publisher = {American Physical Society},
  doi = {10/gjs37r},
  journal = {Physical Review A},
  number = {4}
}

@article{choudhury2020collective,
  title = {Collective modes of ultracold fermionic alkaline-earth-metal gases with {SU}($N$) symmetry},
  author = {Choudhury, Sayan and Islam, Kazi R. and Hou, Yanhua and Aman, Jim A. and Killian, Thomas C. and Hazzard, Kaden R. A.},
  year = {2020},
  month = may,
  volume = {101},
  pages = {053612},
  publisher = {American Physical Society},
  doi = {10/gjs37x},
  journal = {Physical Review A},
  number = {5}
}

@article{cappellini2014direct,
  title = {Direct {{Observation}} of {{Coherent Interorbital Spin}}-{{Exchange Dynamics}}},
  author = {Cappellini, G. and Mancini, M. and Pagano, G. and Lombardi, P. and Livi, L. and {Siciliani de Cumis}, M. and Cancio, P. and Pizzocaro, M. and Calonico, D. and Levi, F. and Sias, C. and Catani, J. and Inguscio, M. and Fallani, L.},
  year = {2014},
  month = sep,
  volume = {113},
  pages = {120402},
  doi = {10/gcsjd2},
  annotation = {00000},
  journal = {Physical Review Letters},
  number = {12}
}

@article{cazalilla2014ultracold,
  title = {Ultracold Fermi gases with emergent $\mathrm{SU}(N)$  symmetry},
  author = {Cazalilla, Miguel A. and Rey, Ana Maria},
  year = {2014},
  volume = {77},
  pages = {124401},
  issn = {0034-4885},
  doi = {10/gcsjfd},
  annotation = {00000},
  journal = {Reports on Progress in Physics},
  number = {12}
}

@article{chen2016syntheticgaugefield,
  title = {Synthetic-Gauge-Field Stabilization of the Chiral-Spin-Liquid Phase},
  author = {Chen, Gang and Hazzard, Kaden R. A. and Rey, Ana Maria and Hermele, Michael},
  year = {2016},
  month = jun,
  volume = {93},
  pages = {061601},
  doi = {10/gcsjf9},
  annotation = {00000},
  journal = {Physical Review A},
  number = {6}
}

@article{freedman2004class,
  title = {A Class of {{P}},{{T}}-Invariant Topological Phases of Interacting Electrons},
  author = {Freedman, Michael and Nayak, Chetan and Shtengel, Kirill and Walker, Kevin and Wang, Zhenghan},
  year = {2004},
  month = apr,
  volume = {310},
  pages = {428--492},
  issn = {0003-4916},
  doi = {10/d4vxvq},
  journal = {Annals of Physics},
  number = {2}
}

@article{goban2018emergence,
  title = {Emergence of Multi-Body Interactions in a Fermionic Lattice Clock},
  author = {Goban, A. and Hutson, R. B. and Marti, G. E. and Campbell, S. L. and Perlin, M. A. and Julienne, P. S. and D'Incao, J. P. and Rey, A. M. and Ye, J.},
  year = {2018},
  month = nov,
  volume = {563},
  pages = {369},
  issn = {1476-4687},
  doi = {10/gfgqn2},
  journal = {Nature},
  number = {7731}
}

@article{gorshkov2010twoorbital,
  title = {Two-orbital {SU}($N$) magnetism with ultracold alkaline-earth atoms},
  author = {Gorshkov, A. V. and Hermele, M. and Gurarie, V. and Xu, C. and Julienne, P. S. and Ye, J. and Zoller, P. and Demler, E. and Lukin, M. D. and Rey, A. M.},
  year = {2010},
  month = apr,
  volume = {6},
  pages = {289},
  issn = {1745-2481},
  doi = {10/bs39f6},
  annotation = {00000},
  journal = {Nature Physics},
  number = {4}
}

@article{he2019engineering,
  title = {Engineering Spin Squeezing in a {{3D}} Optical Lattice with Interacting Spin-Orbit-Coupled Fermions},
  author = {He, P. and Perlin, M. A. and Muleady, S. R. and {Lewis-Swan}, R. J. and Hutson, R. B. and Ye, J. and Rey, A. M.},
  year = {2019},
  month = nov,
  volume = {1},
  pages = {033075},
  doi = {10/ggcf6s},
  journal = {Physical Review Research},
  number = {3}
}

@article{hermele2009mott,
  title = {Mott {{Insulators}} of {{Ultracold Fermionic Alkaline Earth Atoms}}: {{Underconstrained Magnetism}} and {{Chiral Spin Liquid}}},
  shorttitle = {Mott {{Insulators}} of {{Ultracold Fermionic Alkaline Earth Atoms}}},
  author = {Hermele, Michael and Gurarie, Victor and Rey, Ana Maria},
  year = {2009},
  month = sep,
  volume = {103},
  pages = {135301},
  doi = {10/dg24db},
  journal = {Physical Review Letters},
  number = {13}
}

@article{hermele2011topological,
  title = {Topological liquids and valence cluster states in two-dimensional $\mathrm{SU}(N)$ magnets},
  author = {Hermele, Michael and Gurarie, Victor},
  year = {2011},
  month = nov,
  volume = {84},
  pages = {174441},
  doi = {10/cf6tnf},
  journal = {Physical Review B},
  number = {17}
}

@article{hofrichter2016direct,
  title = {Direct Probing of the Mott Crossover in the $\mathrm{SU}(N)$ Fermi-Hubbard Model},
  author = {Hofrichter, Christian and Riegger, Luis and Scazza, Francesco and Höfer, Moritz and Fernandes, Diogo Rio and Bloch, Immanuel and Fölling, Simon},
  year = {2016},
  month = jun,
  volume = {6},
  pages = {021030},
  publisher = {American Physical Society},
  doi = {10/gddjkg},
  journal = {Physical Review X},
  number = {2}
}

@article{kaul2012lattice,
  title = {Lattice Model for the $\mathrm{SU}(N)$ N\'eel to Valence-Bond Solid Quantum Phase Transition at Large $N$},
  author = {Kaul, Ribhu K. and Sandvik, Anders W.},
  year = {2012},
  month = mar,
  volume = {108},
  pages = {137201},
  doi = {10/gc8sfw},
  journal = {Physical Review Letters},
  number = {13}
}

@article{lee2006doping,
  title = {Doping a {{Mott}} Insulator: {{Physics}} of High-Temperature Superconductivity},
  shorttitle = {Doping a {{Mott}} Insulator},
  author = {Lee, Patrick A. and Nagaosa, Naoto and Wen, Xiao-Gang},
  year = {2006},
  month = jan,
  volume = {78},
  pages = {17--85},
  doi = {10/d8cd3h},
  journal = {Reviews of Modern Physics},
  number = {1}
}

@article{ma2011quantum,
  title = {Quantum Spin Squeezing},
  author = {Ma, Jian and Wang, Xiaoguang and Sun, C. P. and Nori, Franco},
  year = {2011},
  month = dec,
  volume = {509},
  pages = {89--165},
  issn = {0370-1573},
  doi = {10/fnptvd},
  journal = {Physics Reports},
  number = {2}
}

@article{maldacena1999largen,
  title = {The {{Large}}-{{N Limit}} of {{Superconformal Field Theories}} and {{Supergravity}}},
  author = {Maldacena, Juan},
  year = {1999},
  month = apr,
  volume = {38},
  pages = {1113--1133},
  issn = {1572-9575},
  doi = {10/cbm2kz},
  journal = {International Journal of Theoretical Physics},
  number = {4}
}

@article{nataf2014exact,
  title = {Exact Diagonalization of Heisenberg {SU($N$)} Models},
  author = {Nataf, Pierre and Mila, Frédéric},
  year = {2014},
  month = sep,
  volume = {113},
  pages = {127204},
  issn = {0031-9007, 1079-7114},
  doi = {10/ggx9v6},
  journal = {Physical Review Letters},
  number = {12}
}

@article{nataf2016chiral,
  title = {Chiral Spin Liquids in Triangular-Lattice {SU}($N$) Fermionic Mott Insulators with Artificial Gauge Fields},
  author = {Nataf, Pierre and Lajkó, Miklós and Wietek, Alexander and Penc, Karlo and Mila, Frédéric and Läuchli, Andreas M.},
  year = {2016},
  month = oct,
  volume = {117},
  pages = {167202},
  publisher = {American Physical Society},
  doi = {10/b8s5},
  journal = {Physical Review Letters},
  number = {16}
}

@article{nataf2016exact,
  title = {Exact diagonalization of Heisenberg {SU}($N$) chains in the fully symmetric and antisymmetric representations},
  author = {Nataf, Pierre and Mila, Frédéric},
  year = {2016},
  month = apr,
  volume = {93},
  pages = {155134},
  issn = {2469-9950, 2469-9969},
  doi = {10/ggx9v8},
  journal = {Physical Review B},
  number = {15}
}

@article{nayak2008nonabelian,
  title = {Non-{{Abelian}} Anyons and Topological Quantum Computation},
  author = {Nayak, Chetan and Simon, Steven H. and Stern, Ady and Freedman, Michael and Das Sarma, Sankar},
  year = {2008},
  month = sep,
  volume = {80},
  pages = {1083--1159},
  doi = {10/bh5pzv},
  annotation = {03249},
  journal = {Reviews of Modern Physics},
  number = {3}
}

@article{perlin2019effective,
  title = {Effective multi-body {SU($N$)}-symmetric interactions of ultracold fermionic atoms on a {3D} lattice},
  author = {Perlin, M. A. and Rey, A. M.},
  year = {2019},
  month = apr,
  volume = {21},
  pages = {043039},
  issn = {1367-2630},
  doi = {10/gfwm2j},
  journal = {New Journal of Physics},
  number = {4}
}

@article{perlin2020qudit,
  title = {Spin Qudit Tomography},
  author = {Perlin, Michael A. and Barberena, Diego and Rey, Ana Maria},
  year = {2020},
  month = dec,
  archivePrefix = {arXiv},
  journal = {arXiv},
  eprint = {2012.06464},
  primaryClass = {quant-ph},
}

@article{perlin2020spin,
  title = {Spin {{Squeezing}} with {{Short}}-{{Range Spin}}-{{Exchange Interactions}}},
  author = {Perlin, Michael A. and Qu, Chunlei and Rey, Ana Maria},
  year = {2020},
  month = nov,
  volume = {125},
  pages = {223401},
  publisher = {{American Physical Society}},
  doi = {10.1103/PhysRevLett.125.223401},
  journal = {Physical Review Letters},
  number = {22}
}

@article{read1989valencebond,
  title = {Valence-Bond and Spin-{{Peierls}} Ground States of Low-Dimensional Quantum Antiferromagnets},
  author = {Read, N. and Sachdev, Subir},
  year = {1989},
  month = apr,
  volume = {62},
  pages = {1694--1697},
  issn = {0031-9007},
  doi = {10/ccr8c4},
  journal = {Physical Review Letters},
  number = {14}
}

@article{rokhsar1990quadratic,
  title = {Quadratic quantum antiferromagnets in the fermionic large-$N$ limit},
  author = {Rokhsar, Daniel S.},
  year = {1990},
  month = aug,
  volume = {42},
  pages = {2526-2531},
  issn = {0163-1829, 1095-3795},
  doi = {10/c9pqkh},
  journal = {Physical Review B},
  number = {4}
}

@article{ryu2006holographic,
  title = {Holographic {{Derivation}} of {{Entanglement Entropy}} from the Anti-de {{Sitter Space}}/{{Conformal Field Theory Correspondence}}},
  author = {Ryu, Shinsei and Takayanagi, Tadashi},
  year = {2006},
  month = may,
  volume = {96},
  pages = {181602},
  doi = {10/bsjzjr},
  journal = {Physical Review Letters},
  number = {18}
}

@article{sachdev1993gapless,
  title = {Gapless Spin-Fluid Ground State in a Random Quantum {{Heisenberg}} Magnet},
  author = {Sachdev, Subir and Ye, Jinwu},
  year = {1993},
  month = may,
  volume = {70},
  pages = {3339--3342},
  publisher = {{American Physical Society}},
  doi = {10/bgncj8},
  journal = {Physical Review Letters},
  number = {21}
}

@article{scazza2014observation,
  title = {Observation of two-orbital spin-exchange interactions with ultracold $\mathrm{SU}(N)$-symmetric fermions},
  author = {Scazza, F. and Hofrichter, C. and Höfer, M. and Groot, P. C. De and Bloch, I. and Fölling, S.},
  year = {2014},
  month = oct,
  volume = {10},
  pages = {779},
  issn = {1745-2481},
  doi = {10/gcsjd4},
  annotation = {00000},
  journal = {Nature Physics},
  number = {10}
}

@article{taie2012su,
  title = {An {{SU}}(6) {{Mott}} Insulator of an Atomic {{Fermi}} Gas Realized by Large-Spin {{Pomeranchuk}} Cooling},
  author = {Taie, Shintaro and Yamazaki, Rekishu and Sugawa, Seiji and Takahashi, Yoshiro},
  year = {2012},
  month = nov,
  volume = {8},
  pages = {825--830},
  issn = {1745-2481},
  doi = {10/f4dp89},
  journal = {Nature Physics},
  number = {11}
}

@article{zhang2014spectroscopic,
  title = {Spectroscopic observation of $\mathrm{SU}(N)$-symmetric interactions in Sr orbital magnetism},
  author = {Zhang, X. and Bishof, M. and Bromley, S. L. and Kraus, C. V. and Safronova, M. S. and Zoller, P. and Rey, A. M. and Ye, J.},
  year = {2014},
  month = sep,
  volume = {345},
  pages = {1467-1473},
  issn = {0036-8075, 1095-9203},
  doi = {10/vgk},
  annotation = {00000},
  journal = {Science},
  number = {6203},
  pmid = {25147278}
}

@article{bromley2018dynamics,
  title = {Dynamics of Interacting Fermions under Spin\textendash Orbit Coupling in an Optical Lattice Clock},
  author = {Bromley, S. L. and Kolkowitz, S. and Bothwell, T. and Kedar, D. and {Safavi-Naini}, A. and Wall, M. L. and Salomon, C. and Rey, A. M. and Ye, J.},
  year = {2018},
  month = apr,
  volume = {14},
  pages = {399--404},
  issn = {1745-2481},
  doi = {10/gcwbtg},
  journal = {Nature Physics},
  number = {4}
}

@article{wall2016synthetic,
  title = {Synthetic {{Spin}}-{{Orbit Coupling}} in an {{Optical Lattice Clock}}},
  author = {Wall, Michael L. and Koller, Andrew P. and Li, Shuming and Zhang, Xibo and Cooper, Nigel R. and Ye, Jun and Rey, Ana Maria},
  year = {2016},
  month = jan,
  volume = {116},
  pages = {035301},
  doi = {10/gcsjf8},
  annotation = {00044},
  journal = {Physical Review Letters},
  number = {3}
}

@article{newton1968measurability,
  title = {Measurability of the Spin Density Matrix},
  author = {Newton, Roger G and Young, Bing-lin},
  year = {1968},
  month = oct,
  volume = {49},
  pages = {393--402},
  issn = {0003-4916},
  doi = {10/bkffx8},
  journal = {Annals of Physics},
  number = {3}
}

@article{smale2019observation,
  title = {Observation of a Transition between Dynamical Phases in a Quantum Degenerate {{Fermi}} Gas},
  author = {Smale, Scott and He, Peiru and Olsen, Ben A. and Jackson, Kenneth G. and Sharum, Haille and Trotzky, Stefan and Marino, Jamir and Rey, Ana Maria and Thywissen, Joseph H.},
  year = {2019},
  month = aug,
  volume = {5},
  pages = {eaax1568},
  issn = {2375-2548},
  doi = {10/gf6484},
  journal = {Science Advances},
  number = {8}
}

@article{anderson2015accurate,
  title = {Accurate and {{Robust Unitary Transformations}} of a {{High}}-{{Dimensional Quantum System}}},
  author = {Anderson, B. E. and {Sosa-Martinez}, H. and Riofrio, C. A. and Deutsch, Ivan H. and Jessen, Poul S.},
  year = {2015},
  month = jun,
  volume = {114},
  pages = {240401},
  publisher = {{American Physical Society}},
  doi = {10/ggz4v4},
  journal = {Physical Review Letters},
  number = {24}
}

@article{lucarelli2018quantum,
  title = {Quantum Optimal Control via Gradient Ascent in Function Space and the Time-Bandwidth Quantum Speed Limit},
  author = {Lucarelli, Dennis},
  year = {2018},
  month = jun,
  volume = {97},
  pages = {062346},
  publisher = {{American Physical Society}},
  doi = {10/gdq9jb},
  journal = {Physical Review A},
  number = {6}
}

@article{frame1949approximation,
  title = {An {{Approximation}} to the {{Quotient}} of {{Gamma Functions}}},
  author = {Frame, J. S.},
  year = {1949},
  month = oct,
  volume = {56},
  pages = {529--535},
  publisher = {{Taylor {$\&$} Francis}},
  issn = {0002-9890},
  doi = {10/ghtz6z},
  annotation = {{$\_$}eprint: https://doi.org/10.1080/00029890.1949.11999435},
  journal = {The American Mathematical Monthly},
  number = {8}
}

@article{li2013weylwignermoyal,
  title = {The {{Weyl}}-{{Wigner}}-{{Moyal}} Formalism for Spin},
  author = {Li, Feifei and Braun, Carol and Garg, Anupam},
  year = {2013},
  month = jun,
  volume = {102},
  pages = {60006},
  publisher = {{IOP Publishing}},
  issn = {0295-5075},
  doi = {10/ghdrs4},
  journal = {EPL (Europhysics Letters)},
  number = {6}
}

@article{foss-feig2013nonequilibrium,
  title = {Nonequilibrium Dynamics of Arbitrary-Range {{Ising}} Models with Decoherence: {{An}} Exact Analytic Solution},
  shorttitle = {Nonequilibrium Dynamics of Arbitrary-Range {{Ising}} Models with Decoherence},
  author = {{Foss-Feig}, Michael and Hazzard, Kaden R. A. and Bollinger, John J. and Rey, Ana Maria},
  year = {2013},
  month = apr,
  volume = {87},
  pages = {042101},
  doi = {10/gcsjdp},
  annotation = {00000},
  journal = {Physical Review A},
  number = {4}
}

@article{perlin2020shorttime,
  title = {Short-Time Expansion of {{Heisenberg}} Operators in Open Collective Quantum Spin Systems},
  author = {Perlin, Michael A. and Rey, Ana Maria},
  year = {2020},
  month = feb,
  volume = {101},
  pages = {023601},
  doi = {10/ggj639},
  journal = {Physical Review A},
  number = {2}
}

@article{bravyi2011schrieffer,
  title = {Schrieffer\textendash{{Wolff}} Transformation for Quantum Many-Body Systems},
  volume = {326},
  issn = {0003-4916},
  number = {10},
  journal = {Annals of Physics},
  doi = {10/dgh394},
  author = {Bravyi, Sergey and DiVincenzo, David P. and Loss, Daniel},
  month = oct,
  year = {2011},
  pages = {2793-2826}
}

@article{yuzbashyan2005nonequilibrium,
  title = {Nonequilibrium Cooper Pairing in the Nonadiabatic Regime},
  author = {Yuzbashyan, Emil A. and Altshuler, Boris L. and Kuznetsov, Vadim B. and Enolskii, Victor Z.},
  year = {2005},
  month = dec,
  volume = {72},
  pages = {220503},
  publisher = {{American Physical Society}},
  doi = {10/drcmjb},
  journal = {Physical Review B},
  number = {22}
}

@article{yuzbashyan2006dynamical,
  title = {Dynamical {{Vanishing}} of the {{Order Parameter}} in a {{Fermionic Condensate}}},
  author = {Yuzbashyan, Emil A. and Dzero, Maxim},
  year = {2006},
  month = jun,
  volume = {96},
  pages = {230404},
  publisher = {{American Physical Society}},
  doi = {10/d4pbm3},
  journal = {Physical Review Letters},
  number = {23}
}

@article{yuzbashyan2006relaxation,
  title = {Relaxation and {{Persistent Oscillations}} of the {{Order Parameter}} in {{Fermionic Condensates}}},
  author = {Yuzbashyan, Emil A. and Tsyplyatyev, Oleksandr and Altshuler, Boris L.},
  year = {2006},
  month = mar,
  volume = {96},
  pages = {097005},
  publisher = {{American Physical Society}},
  doi = {10/cmb7fp},
  journal = {Physical Review Letters},
  number = {9}
}

@article{yuzbashyan2015quantum,
  title = {Quantum Quench Phase Diagrams of an S-Wave {{BCS}}-{{BEC}} Condensate},
  author = {Yuzbashyan, E. A. and Dzero, M. and Gurarie, V. and Foster, M. S.},
  year = {2015},
  month = mar,
  volume = {91},
  pages = {033628},
  issn = {1050-2947, 1094-1622},
  doi = {10/gg228r},
  journal = {Physical Review A},
  number = {3}
}

@article{kolkowitz2016spinorbitcoupled,
  title = {Spin-Orbit-Coupled Fermions in an Optical Lattice Clock},
  author = {Kolkowitz, S. and Bromley, S. L. and Bothwell, T. and Wall, M. L. and Marti, G. E. and Koller, A. P. and Zhang, X. and Rey, A. M. and Ye, J.},
  year = {2016},
  month = dec,
  volume = {542},
  pages = {66},
  issn = {1476-4687},
  doi = {10/f9j2n2},
  annotation = {00032},
  journal = {Nature},
  number = {7639}
}

@article{lewis-swan2021cavityqed,
  title = {Cavity-{{QED Quantum Simulator}} of {{Dynamical Phases}} of a {{Bardeen}}-{{Cooper}}-{{Schrieffer Superconductor}}},
  author = {{Lewis-Swan}, Robert J. and Barberena, Diego and Cline, Julia R. K. and Young, Dylan J. and Thompson, James K. and Rey, Ana Maria},
  year = {2021},
  month = apr,
  journal = {Physical Review Letters},
  volume = {126},
  number = {17},
  pages = {173601},
  publisher = {{American Physical Society}},
  doi = {10/gmctjc}
}

@article{cazalilla2009ultracold,
  title = {Ultracold Gases of Ytterbium: Ferromagnetism and {{Mott}} States in an {{SU}}(6) {{Fermi}} System},
  shorttitle = {Ultracold Gases of Ytterbium},
  author = {Cazalilla, M. A. and Ho, A. F. and Ueda, M.},
  year = {2009},
  volume = {11},
  pages = {103033},
  issn = {1367-2630},
  doi = {10.1088/1367-2630/11/10/103033},
  journal = {New Journal of Physics},
  number = {10}
}

@article{wu2003exact,
  title = {Exact {SO}(5) Symmetry in the Spin-$3/2$ Fermionic System},
  author = {Wu, Congjun and Hu, Jiang-ping and Zhang, Shou-cheng},
  year = {2003},
  month = oct,
  volume = {91},
  pages = {186402},
  doi = {10/cnn8mx},
  journal = {Physical Review Letters},
  number = {18}
}

@article{taie2020observation,
  title = {Observation of antiferromagnetic correlations in an ultracold {SU}($N$) Hubbard model},
  author = {Taie, Shintaro and Ibarra-García-Padilla, Eduardo and Nishizawa, Naoki and Takasu, Yosuke and Kuno, Yoshihito and Wei, Hao-Tian and Scalettar, Richard T. and Hazzard, Kaden R. A. and Takahashi, Yoshiro},
  year = {2020},
  month = oct,
  archivePrefix = {arXiv},
  journal = {arXiv},
  eprint = {2010.07730},
  primaryClass = {cond-mat}
}

@article{sonderhouse2020thermodynamics,
  title = {Thermodynamics of a deeply degenerate {SU}($N$)-symmetric Fermi gas},
  author = {Sonderhouse, Lindsay and Sanner, Christian and Hutson, Ross B. and Goban, Akihisa and Bilitewski, Thomas and Yan, Lingfeng and Milner, William R. and Rey, Ana M. and Ye, Jun},
  year = {2020},
  month = dec,
  volume = {16},
  pages = {1216-1221},
  issn = {1745-2473, 1745-2481},
  doi = {10/ghj5fs},
  journal = {Nature Physics},
  number = {12}
}

@article{song2020evidence,
  title = {Evidence for Bosonization in a Three-Dimensional Gas of $\mathrm{SU}(N)$ Fermions},
  author = {Song, Bo and Yan, Yangqian and He, Chengdong and Ren, Zejian and Zhou, Qi and Jo, Gyu-Boong},
  year = {2020},
  month = dec,
  volume = {10},
  pages = {041053},
  publisher = {American Physical Society},
  doi = {10/gjrt77},
  journal = {Physical Review X},
  number = {4}
}

@article{livi2016synthetic,
  title = {Synthetic {{Dimensions}} and {{Spin}}-{{Orbit Coupling}} with an {{Optical Clock Transition}}},
  author = {Livi, L. F. and Cappellini, G. and Diem, M. and Franchi, L. and Clivati, C. and Frittelli, M. and Levi, F. and Calonico, D. and Catani, J. and Inguscio, M. and Fallani, L.},
  year = {2016},
  month = nov,
  volume = {117},
  pages = {220401},
  doi = {10/gddjr6},
  journal = {Physical Review Letters},
  number = {22}
}

@article{dowling1994wigner,
  title = {Wigner Distribution of a General Angular-Momentum State: {{Applications}} to a Collection of Two-Level Atoms},
  shorttitle = {Wigner Distribution of a General Angular-Momentum State},
  author = {Dowling, Jonathan P. and Agarwal, G. S. and Schleich, Wolfgang P.},
  year = {1994},
  month = may,
  volume = {49},
  pages = {4101--4109},
  publisher = {{American Physical Society}},
  doi = {10/fdh86x},
  journal = {Physical Review A},
  number = {5}
}
