@article{ritsch2013cold,
  title = {Cold Atoms in Cavity-Generated Dynamical Optical Potentials},
  volume = {85},
  number = {2},
  journal = {Reviews of Modern Physics},
  doi = {10/f3sm74},
  author = {Ritsch, Helmut and Domokos, Peter and Brennecke, Ferdinand and Esslinger, Tilman},
  month = apr,
  year = {2013},
  pages = {553-601}
}

@article{baumann2010dicke,
  title = {Dicke Quantum Phase Transition with a Superfluid Gas in an Optical Cavity},
  volume = {464},
  issn = {1476-4687},
  number = {7293},
  journal = {Nature},
  doi = {10/d54n38},
  author = {Baumann, Kristian and Guerlin, Christine and Brennecke, Ferdinand and Esslinger, Tilman},
  month = apr,
  year = {2010},
  pages = {1301-1306}
}

@article{meiser2010steadystate,
  title = {Steady-State Superradiance with Alkaline-Earth-Metal Atoms},
  volume = {81},
  issn = {1050-2947, 1094-1622},
  number = {3},
  journal = {Physical Review A},
  doi = {10/fs5gxb},
  author = {Meiser, D. and Holland, M. J.},
  month = mar,
  year = {2010},
  pages = {033847}
}

@incollection{rivas2012time,
  address = {{Berlin, Heidelberg}},
  series = {{{SpringerBriefs}} in {{Physics}}},
  title = {Time {{Evolution}} in {{Open Quantum Systems}}},
  isbn = {978-3-642-23354-8},
  booktitle = {Open {{Quantum Systems}}: {{An Introduction}}},
  publisher = {{Springer Berlin Heidelberg}},
  author = {Rivas, Angel and Huelga, Susana F.},
  editor = {Rivas, Angel and Huelga, Susana F.},
  year = {2012},
  pages = {19-31},
  doi = {10.1007/978-3-642-23354-8_3}
}

@article{esteve2008squeezing,
  title = {Squeezing and Entanglement in a {{Bose}}\textendash{{Einstein}} Condensate},
  volume = {455},
  issn = {1476-4687},
  number = {7217},
  journal = {Nature},
  doi = {10/cwj7cd},
  author = {Est{\`e}ve, J. and Gross, C. and Weller, A. and Giovanazzi, S. and Oberthaler, M. K.},
  month = oct,
  year = {2008},
  pages = {1216-1219}
}

@article{foss-feig2013nonequilibrium,
  title = {Nonequilibrium Dynamics of Arbitrary-Range {{Ising}} Models with Decoherence: {{An}} Exact Analytic Solution},
  volume = {87},
  shorttitle = {Nonequilibrium Dynamics of Arbitrary-Range {{Ising}} Models with Decoherence},
  doi = {10/gcsjdp},
  number = {4},
  journal = {Physical Review A},
  author = {{Foss-Feig}, Michael and Hazzard, Kaden R. A. and Bollinger, John J. and Rey, Ana Maria},
  month = apr,
  year = {2013},
  pages = {042101}
}

@article{mirkhalaf2018robustifying,
  title = {Robustifying Twist-and-Turn Entanglement with Interaction-Based Readout},
  volume = {97},
  number = {5},
  journal = {Physical Review A},
  doi = {10/gfkfhr},
  author = {Mirkhalaf, Safoura S. and Nolan, Samuel P. and Haine, Simon A.},
  month = may,
  year = {2018},
  pages = {053618}
}

@article{huang2015twoaxis,
  title = {Two-Axis Spin Squeezing of Two-Component {{Bose}}-{{Einstein}} Condensates via Continuous Driving},
  volume = {91},
  doi = {10/gdg5mk},
  number = {4},
  journal = {Physical Review A},
  author = {Huang, Wen and Zhang, Yan-Lei and Zou, Chang-Ling and Zou, Xu-Bo and Guo, Guang-Can},
  month = apr,
  year = {2015},
  pages = {043642}
}

@article{liu2011spin,
  title = {Spin {{Squeezing}}: {{Transforming One}}-{{Axis Twisting}} into {{Two}}-{{Axis Twisting}}},
  volume = {107},
  shorttitle = {Spin {{Squeezing}}},
  doi = {10/dw3w4s},
  number = {1},
  journal = {Physical Review Letters},
  author = {Liu, Y. C. and Xu, Z. F. and Jin, G. R. and You, L.},
  month = jun,
  year = {2011},
  pages = {013601}
}

@article{hu2017vacuum,
  title = {Vacuum Spin Squeezing},
  volume = {96},
  doi = {10/gdg5mh},
  number = {5},
  journal = {Physical Review A},
  author = {Hu, Jiazhong and Chen, Wenlan and Vendeiro, Zachary and Urvoy, Alban and Braverman, Boris and Vuleti\'c, Vladan},
  month = nov,
  year = {2017},
  pages = {050301}
}

@article{kitagawa1993squeezed,
  title = {Squeezed Spin States},
  volume = {47},
  doi = {10/ccbxnv},
  number = {6},
  journal = {Physical Review A},
  author = {Kitagawa, Masahiro and Ueda, Masahito},
  month = jun,
  year = {1993},
  pages = {5138-5143}
}

@article{ma2011quantum,
  title = {Quantum Spin Squeezing},
  volume = {509},
  issn = {0370-1573},
  doi = {10/fnptvd},
  number = {2},
  journal = {Physics Reports},
  author = {Ma, Jian and Wang, Xiaoguang and Sun, C. P. and Nori, Franco},
  month = dec,
  year = {2011},
  pages = {89-165}
}

@article{wineland1992spin,
  title = {Spin Squeezing and Reduced Quantum Noise in Spectroscopy},
  volume = {46},
  issn = {1050-2947, 1094-1622},
  doi = {10/czfkmh},
  number = {11},
  journal = {Physical Review A},
  author = {Wineland, D. J. and Bollinger, J. J. and Itano, W. M. and Moore, F. L. and Heinzen, D. J.},
  month = dec,
  year = {1992},
  pages = {R6797-R6800}
}

@article{muessel2015twistandturn,
  title = {Twist-and-Turn Spin Squeezing in {{Bose}}-{{Einstein}} Condensates},
  volume = {92},
  doi = {10/gfh4gg},
  number = {2},
  journal = {Physical Review A},
  author = {Muessel, W. and Strobel, H. and Linnemann, D. and Zibold, T. and {Juli\'a-D\'iaz}, B. and Oberthaler, M. K.},
  month = aug,
  year = {2015},
  pages = {023603}
}

@article{riedel2010atomchipbased,
  title = {Atom-Chip-Based Generation of Entanglement for Quantum Metrology},
  volume = {464},
  issn = {1476-4687},
  doi = {10/dzvs9c},
  number = {7292},
  journal = {Nature},
  author = {Riedel, Max F. and B\"ohi, Pascal and Li, Yun and H\"ansch, Theodor W. and Sinatra, Alice and Treutlein, Philipp},
  month = apr,
  year = {2010},
  pages = {1170-1173}
}

@article{morrison2008collective,
  title = {Collective Spin Systems in Dispersive Optical Cavity {{QED}}: {{Quantum}} Phase Transitions and Entanglement},
  volume = {77},
  shorttitle = {Collective Spin Systems in Dispersive Optical Cavity {{QED}}},
  doi = {10/b4vxgn},
  number = {4},
  journal = {Physical Review A},
  author = {Morrison, S. and Parkins, A. S.},
  month = apr,
  year = {2008},
  pages = {043810}
}

@article{lipkin1965validity,
  title = {Validity of Many-Body Approximation Methods for a Solvable Model: ({{I}}). {{Exact}} Solutions and Perturbation Theory},
  volume = {62},
  issn = {0029-5582},
  shorttitle = {Validity of Many-Body Approximation Methods for a Solvable Model},
  doi = {10/fpqf4q},
  number = {2},
  journal = {Nuclear Physics},
  author = {Lipkin, H. J. and Meshkov, N. and Glick, A. J.},
  month = feb,
  year = {1965},
  pages = {188-198}
}

@article{meshkov1965validity,
  title = {Validity of Many-Body Approximation Methods for a Solvable Model: ({{II}}). {{Linearization}} Procedures},
  volume = {62},
  issn = {0029-5582},
  shorttitle = {Validity of Many-Body Approximation Methods for a Solvable Model},
  doi = {10/fttvwb},
  number = {2},
  journal = {Nuclear Physics},
  author = {Meshkov, N. and Glick, A. J. and Lipkin, H. J.},
  month = feb,
  year = {1965},
  pages = {199-210}
}

@article{glick1965validity,
  title = {Validity of Many-Body Approximation Methods for a Solvable Model: ({{III}}). {{Diagram}} Summations},
  volume = {62},
  issn = {0029-5582},
  shorttitle = {Validity of Many-Body Approximation Methods for a Solvable Model},
  doi = {10/ffgmgg},
  number = {2},
  journal = {Nuclear Physics},
  author = {Glick, A. J. and Lipkin, H. J. and Meshkov, N.},
  month = feb,
  year = {1965},
  pages = {211-224}
}

@article{martin2013quantum,
  title = {A {{Quantum Many}}-{{Body Spin System}} in an {{Optical Lattice Clock}}},
  volume = {341},
  issn = {0036-8075, 1095-9203},
  doi = {10/nd3},
  number = {6146},
  journal = {Science},
  author = {Martin, M. J. and Bishof, M. and Swallows, M. D. and Zhang, X. and Benko, C. and {von-Stecher}, J. and Gorshkov, A. V. and Rey, A. M. and Ye, Jun},
  month = aug,
  year = {2013},
  pages = {632-636}
}

@article{norcia2018cavitymediated,
  title = {Cavity-Mediated Collective Spin-Exchange Interactions in a Strontium Superradiant Laser},
  volume = {361},
  issn = {0036-8075, 1095-9203},
  doi = {10/gdztq4},
  number = {6399},
  journal = {Science},
  author = {Norcia, Matthew A. and {Lewis-Swan}, Robert J. and Cline, Julia R. K. and Zhu, Bihui and Rey, Ana M. and Thompson, James K.},
  month = jul,
  year = {2018},
  pages = {259-262},
  pmid = {30026222}
}

@article{majd2014lmg,
  title = {{{LMG}} Model: {{Markovian}} Evolution of Classical and Quantum Correlations under Decoherence},
  volume = {87},
  issn = {1434-6036},
  shorttitle = {{{LMG}} Model},
  doi = {10/gfjzrw},
  number = {3},
  journal = {The European Physical Journal B},
  author = {Majd, Nayereh and Payamara, Jahangir and Daliri, Fariba},
  month = mar,
  year = {2014},
  pages = {49}
}

@article{morrison2008dissipationdriven,
  title = {Dissipation-Driven Quantum Phase Transitions in Collective Spin Systems},
  volume = {41},
  issn = {0953-4075},
  doi = {10/cdzxpc},
  number = {19},
  journal = {Journal of Physics B: Atomic, Molecular and Optical Physics},
  author = {Morrison, S. and Parkins, A. S.},
  year = {2008},
  pages = {195502}
}

@article{latorre2005entanglement,
  title = {Entanglement Entropy in the {{Lipkin}}-{{Meshkov}}-{{Glick}} Model},
  volume = {71},
  doi = {10/bhh5nf},
  number = {6},
  journal = {Physical Review A},
  author = {Latorre, Jos\'e I. and Or\'us, Rom\'an and Rico, Enrique and Vidal, Julien},
  month = jun,
  year = {2005},
  pages = {064101}
}

@article{alcalde2007functional,
  title = {Functional Methods in the Generalized {{Dicke}} Model},
  volume = {40},
  issn = {1751-8121},
  doi = {10/d659gf},
  number = {39},
  journal = {Journal of Physics A: Mathematical and Theoretical},
  author = {Alcalde, M. Aparicio and de Lemos, A. L. L. and Svaiter, N. F.},
  year = {2007},
  pages = {11961}
}

@article{zhiqiang2017nonequilibrium,
  title = {Nonequilibrium Phase Transition in a Spin-1 {{Dicke}} Model},
  volume = {4},
  issn = {2334-2536},
  doi = {10/gfj2cb},
  number = {4},
  journal = {Optica},
  author = {Zhiqiang, Zhang and Lee, Chern Hui and Kumar, Ravi and Arnold, K. J. and Masson, Stuart J. and Parkins, A. S. and Barrett, M. D.},
  month = apr,
  year = {2017},
  pages = {424-429}
}

@article{klinder2015dynamical,
  title = {Dynamical Phase Transition in the Open {{Dicke}} Model},
  volume = {112},
  issn = {0027-8424, 1091-6490},
  doi = {10/f643gc},
  number = {11},
  journal = {Proceedings of the National Academy of Sciences},
  author = {Klinder, Jens and Ke\ss{}ler, Hans and Wolke, Matthias and Mathey, Ludwig and Hemmerich, Andreas},
  month = mar,
  year = {2015},
  pages = {3290-3295},
  pmid = {25733892}
}

@article{bhattacherjee2014nonequilibrium,
  title = {Non-Equilibrium Dynamical Phases of the Two-Atom {{Dicke}} Model},
  volume = {378},
  issn = {0375-9601},
  doi = {10/f6np9c},
  number = {44},
  journal = {Physics Letters A},
  author = {Bhattacherjee, Aranya B.},
  month = sep,
  year = {2014},
  pages = {3244-3247}
}

@article{smale2019observation,
  title = {Observation of a Transition between Dynamical Phases in a Quantum Degenerate {{Fermi}} Gas},
  volume = {5},
  issn = {2375-2548},
  number = {8},
  journal = {Science Advances},
  doi = {10/gf6484},
  author = {Smale, Scott and He, Peiru and Olsen, Ben A. and Jackson, Kenneth G. and Sharum, Haille and Trotzky, Stefan and Marino, Jamir and Rey, Ana Maria and Thywissen, Joseph H.},
  month = aug,
  year = {2019},
  pages = {eaax1568}
}

@article{wang2012quantum,
  title = {Quantum Correlations in Collective Spin Systems},
  volume = {85},
  doi = {10/gfj2cj},
  number = {5},
  journal = {Physical Review A},
  author = {Wang, Chen and Zhang, Yu-Yu and Chen, Qing-Hu},
  month = may,
  year = {2012},
  pages = {052112}
}

@article{gross2010nonlinear,
  title = {Nonlinear Atom Interferometer Surpasses Classical Precision Limit},
  volume = {464},
  issn = {1476-4687},
  doi = {10/dbvk5k},
  number = {7292},
  journal = {Nature},
  author = {Gross, C. and Zibold, T. and Nicklas, E. and Est\`eve, J. and Oberthaler, M. K.},
  month = apr,
  year = {2010},
  pages = {1165-1169}
}

@article{takano2009spin,
  title = {Spin {{Squeezing}} of a {{Cold Atomic Ensemble}} with the {{Nuclear Spin}} of {{One}}-{{Half}}},
  volume = {102},
  doi = {10/ck8ktn},
  number = {3},
  journal = {Physical Review Letters},
  author = {Takano, T. and Fuyama, M. and Namiki, R. and Takahashi, Y.},
  month = jan,
  year = {2009},
  pages = {033601}
}

@article{bohnet2016quantum,
  title = {Quantum Spin Dynamics and Entanglement Generation with Hundreds of Trapped Ions},
  volume = {352},
  issn = {0036-8075, 1095-9203},
  doi = {10/f8rgft},
  number = {6291},
  journal = {Science},
  author = {Bohnet, Justin G. and Sawyer, Brian C. and Britton, Joseph W. and Wall, Michael L. and Rey, Ana Maria and {Foss-Feig}, Michael and Bollinger, John J.},
  month = jun,
  year = {2016},
  pages = {1297-1301},
  pmid = {27284189}
}

@article{hu2015entangled,
  title = {Entangled Collective-Spin States of Atomic Ensembles under Nonuniform Atom-Light Interaction},
  volume = {92},
  doi = {10/gfjzr2},
  number = {6},
  journal = {Physical Review A},
  author = {Hu, Jiazhong and Chen, Wenlan and Vendeiro, Zachary and Zhang, Hao and Vuleti\'c, Vladan},
  month = dec,
  year = {2015},
  pages = {063816}
}

@article{hosten2016quantum,
  title = {Quantum Phase Magnification},
  volume = {352},
  issn = {0036-8075, 1095-9203},
  doi = {10/f8rkrr},
  number = {6293},
  journal = {Science},
  author = {Hosten, O. and Krishnakumar, R. and Engelsen, N. J. and Kasevich, M. A.},
  month = jun,
  year = {2016},
  pages = {1552-1555},
  pmid = {27339982}
}

@article{plenio1998quantumjump,
  title = {The Quantum-Jump Approach to Dissipative Dynamics in Quantum Optics},
  volume = {70},
  doi = {10/c3t3s8},
  number = {1},
  journal = {Reviews of Modern Physics},
  author = {Plenio, M. B. and Knight, P. L.},
  month = jan,
  year = {1998},
  pages = {101-144}
}

@article{zhang2018montecarlo,
  title = {Monte-{{Carlo}} Simulations of Superradiant Lasing},
  volume = {20},
  issn = {1367-2630},
  number = {11},
  journal = {New Journal of Physics},
  doi = {10/gf6485},
  author = {Zhang, Yuan and Zhang, Yu-Xiang and M{\o}lmer, Klaus},
  month = nov,
  year = {2018},
  pages = {112001}
}

@article{zhong2010simplified,
  title = {A Simplified Scheme for Realizing Multi-Atom {{NOON}} State},
  volume = {283},
  issn = {0030-4018},
  doi = {10/fvrjpp},
  number = {1},
  journal = {Optics Communications},
  author = {Zhong, Zhi-Rong},
  month = jan,
  year = {2010},
  pages = {189-191}
}

@article{huang2015quantum,
  title = {Quantum Metrology with Spin Cat States under Dissipation},
  volume = {5},
  issn = {2045-2322},
  doi = {10/f72x3v},
  journal = {Scientific Reports},
  author = {Huang, Jiahao and Qin, Xizhou and Zhong, Honghua and Ke, Yongguan and Lee, Chaohong},
  month = dec,
  year = {2015},
  pages = {17894}
}

@article{agarwal1997atomic,
  title = {Atomic {{Schr}}\textbackslash{}"odinger Cat States},
  volume = {56},
  doi = {10/bgvv6h},
  number = {3},
  journal = {Physical Review A},
  author = {Agarwal, G. S. and Puri, R. R. and Singh, R. P.},
  month = sep,
  year = {1997},
  pages = {2249-2254}
}

@article{lau2014proposal,
  title = {Proposal for the {{Creation}} and {{Optical Detection}} of {{Spin Cat States}} in {{Bose}}-{{Einstein Condensates}}},
  volume = {113},
  doi = {10/gfj83b},
  number = {9},
  journal = {Physical Review Letters},
  author = {Lau, Hon Wai and Dutton, Zachary and Wang, Tian and Simon, Christoph},
  month = aug,
  year = {2014},
  pages = {090401}
}

@article{itano1993quantum,
  title = {Quantum Projection Noise: {{Population}} Fluctuations in Two-Level Systems},
  volume = {47},
  issn = {1050-2947, 1094-1622},
  shorttitle = {Quantum Projection Noise},
  doi = {10/c9q26q},
  number = {5},
  journal = {Physical Review A},
  author = {Itano, W. M. and Bergquist, J. C. and Bollinger, J. J. and Gilligan, J. M. and Heinzen, D. J. and Moore, F. L. and Raizen, M. G. and Wineland, D. J.},
  month = may,
  year = {1993},
  pages = {3554-3570}
}

@article{hartmann2016generalized,
  title = {Generalized {{Dicke States}}},
  volume = {16},
  number = {15 \& 16},
  journal = {Quantum Information and Computation},
  author = {Hartmann, Stephan},
  year = {2016},
  pages = {16}
}

@article{xu2013simulating,
  title = {Simulating Open Quantum Systems by Applying {{SU}}(4) to Quantum Master Equations},
  volume = {87},
  doi = {10/gfj4p8},
  number = {6},
  journal = {Physical Review A},
  author = {Xu, Minghui and Tieri, D. A. and Holland, M. J.},
  month = jun,
  year = {2013},
  pages = {062101}
}

@article{micheli2003manyparticle,
  title = {Many-Particle Entanglement in Two-Component {{Bose}}-{{Einstein}} Condensates},
  volume = {67},
  doi = {10/b837h7},
  number = {1},
  journal = {Physical Review A},
  author = {Micheli, A. and Jaksch, D. and Cirac, J. I. and Zoller, P.},
  month = jan,
  year = {2003},
  pages = {013607}
}

@article{sorelli2019fast,
  title = {Fast and Optimal Generation of Entanglement in Bosonic {{Josephson}} Junctions},
  volume = {99},
  number = {2},
  journal = {Physical Review A},
  doi = {10/gfvxrh},
  author = {Sorelli, Giacomo and Gessner, Manuel and Smerzi, Augusto and Pezz{\`e}, Luca},
  month = feb,
  year = {2019},
  pages = {022329}
}

@article{morrison2008dynamical,
  title = {Dynamical {{Quantum Phase Transitions}} in the {{Dissipative Lipkin}}-{{Meshkov}}-{{Glick Model}} with {{Proposed Realization}} in {{Optical Cavity QED}}},
  volume = {100},
  doi = {10/ch3tj6},
  number = {4},
  journal = {Physical Review Letters},
  author = {Morrison, S. and Parkins, A. S.},
  month = jan,
  year = {2008},
  pages = {040403}
}

@article{kessler2012dissipative,
  title = {Dissipative Phase Transition in a Central Spin System},
  volume = {86},
  doi = {10/gfksbv},
  number = {1},
  journal = {Physical Review A},
  author = {Kessler, E. M. and Giedke, G. and Imamoglu, A. and Yelin, S. F. and Lukin, M. D. and Cirac, J. I.},
  month = jul,
  year = {2012},
  pages = {012116}
}

@article{lang2018concurrence,
  title = {Concurrence of Dynamical Phase Transitions at Finite Temperature in the Fully Connected Transverse-Field {{Ising}} Model},
  volume = {97},
  doi = {10/gfksbw},
  number = {17},
  journal = {Physical Review B},
  author = {Lang, Johannes and Frank, Bernhard and Halimeh, Jad C.},
  month = may,
  year = {2018},
  pages = {174401}
}

@article{walls1978nonequilibrium,
  title = {Non-{{Equilibrium Phase Transitions}} in {{Cooperative Atomic Systems}}},
  volume = {64},
  issn = {0375-9687},
  doi = {10/d6j2p3},
  journal = {Progress of Theoretical Physics Supplement},
  author = {Walls, D. F. and Drummond, P. D. and Hassan, S. S. and Carmichael, H. J.},
  month = feb,
  year = {1978},
  pages = {307-320}
}

@article{lewis-swan2018robust,
  title = {Robust {{Spin Squeezing}} via {{Photon}}-{{Mediated Interactions}} on an {{Optical Clock Transition}}},
  volume = {121},
  doi = {10/gfjzkf},
  number = {7},
  journal = {Physical Review Letters},
  author = {{Lewis-Swan}, Robert J. and Norcia, Matthew A. and Cline, Julia R. K. and Thompson, James K. and Rey, Ana Maria},
  month = aug,
  year = {2018},
  pages = {070403}
}

@article{schleier-smith2010squeezing,
  title = {Squeezing the Collective Spin of a Dilute Atomic Ensemble by Cavity Feedback},
  volume = {81},
  doi = {10/b4zcp9},
  number = {2},
  journal = {Physical Review A},
  author = {{Schleier-Smith}, Monika H. and Leroux, Ian D. and Vuleti\'c, Vladan},
  month = feb,
  year = {2010},
  pages = {021804(R)}
}

@article{appel2009mesoscopic,
  title = {Mesoscopic Atomic Entanglement for Precision Measurements beyond the Standard Quantum Limit},
  volume = {106},
  issn = {0027-8424, 1091-6490},
  doi = {10/fbbfmd},
  number = {27},
  journal = {Proceedings of the National Academy of Sciences},
  author = {Appel, J. and Windpassinger, P. J. and Oblak, D. and Hoff, U. B. and Kj\ae{}rgaard, N. and Polzik, E. S.},
  month = jul,
  year = {2009},
  pages = {10960-10965},
  pmid = {19541646}
}

@article{schleier-smith2010states,
  title = {States of an {{Ensemble}} of {{Two}}-{{Level Atoms}} with {{Reduced Quantum Uncertainty}}},
  volume = {104},
  doi = {10/fdv6mj},
  number = {7},
  journal = {Physical Review Letters},
  author = {{Schleier-Smith}, Monika H. and Leroux, Ian D. and Vuleti\'c, Vladan},
  month = feb,
  year = {2010},
  pages = {073604}
}

@article{chen2011conditional,
  title = {Conditional {{Spin Squeezing}} of a {{Large Ensemble}} via the {{Vacuum Rabi Splitting}}},
  volume = {106},
  doi = {10/br863w},
  number = {13},
  journal = {Physical Review Letters},
  author = {Chen, Zilong and Bohnet, Justin G. and Sankar, Shannon R. and Dai, Jiayan and Thompson, James K.},
  month = mar,
  year = {2011},
  pages = {133601}
}

@article{bohnet2014reduced,
  title = {Reduced Spin Measurement Back-Action for a Phase Sensitivity Ten Times beyond the Standard Quantum Limit},
  volume = {8},
  issn = {1749-4893},
  doi = {10/gddh9q},
  number = {9},
  journal = {Nature Photonics},
  author = {Bohnet, J. G. and Cox, K. C. and Norcia, M. A. and Weiner, J. M. and Chen, Z. and Thompson, J. K.},
  month = sep,
  year = {2014},
  pages = {731-736}
}

@article{cox2016deterministic,
  title = {Deterministic {{Squeezed States}} with {{Collective Measurements}} and {{Feedback}}},
  volume = {116},
  doi = {10/gfksch},
  number = {9},
  journal = {Physical Review Letters},
  author = {Cox, Kevin C. and Greve, Graham P. and Weiner, Joshua M. and Thompson, James K.},
  month = mar,
  year = {2016},
  pages = {093602}
}

@article{hosten2016measurement,
  title = {Measurement Noise 100 Times Lower than the Quantum-Projection Limit Using Entangled Atoms},
  volume = {529},
  issn = {1476-4687},
  doi = {10/f78d5b},
  number = {7587},
  journal = {Nature},
  author = {Hosten, Onur and Engelsen, Nils J. and Krishnakumar, Rajiv and Kasevich, Mark A.},
  month = jan,
  year = {2016},
  pages = {505-508}
}

@article{leroux2010implementation,
  title = {Implementation of {{Cavity Squeezing}} of a {{Collective Atomic Spin}}},
  volume = {104},
  doi = {10/bb37n6},
  number = {7},
  journal = {Physical Review Letters},
  author = {Leroux, Ian D. and {Schleier-Smith}, Monika H. and Vuleti\'c, Vladan},
  month = feb,
  year = {2010},
  pages = {073602}
}

@article{dicke1954coherence,
  title = {Coherence in {{Spontaneous Radiation Processes}}},
  volume = {93},
  issn = {0031-899X},
  doi = {10/cbq3mc},
  number = {1},
  journal = {Physical Review},
  author = {Dicke, R. H.},
  month = jan,
  year = {1954},
  pages = {99-110}
}

@article{he2019engineering,
  title = {Engineering Spin Squeezing in a {{3D}} Optical Lattice with Interacting Spin-Orbit-Coupled Fermions},
  volume = {1},
  number = {3},
  journal = {Physical Review Research},
  doi = {10/ggcf6s},
  author = {He, P. and Perlin, M. A. and Muleady, S. R. and {Lewis-Swan}, R. J. and Hutson, R. B. and Ye, J. and Rey, A. M.},
  month = nov,
  year = {2019},
  pages = {033075}
}

@article{zwierz2010general,
  title = {General {{Optimality}} of the {{Heisenberg Limit}} for {{Quantum Metrology}}},
  volume = {105},
  issn = {0031-9007, 1079-7114},
  doi = {10/c3srkn},
  number = {18},
  journal = {Physical Review Letters},
  author = {Zwierz, Marcin and {P\'erez-Delgado}, Carlos A. and Kok, Pieter},
  month = oct,
  year = {2010},
  pages = {180402}
}

@article{tucker2018shattered,
  title = {Shattered Time: Can a Dissipative Time Crystal Survive Many-Body Correlations?},
  volume = {20},
  issn = {1367-2630},
  shorttitle = {Shattered Time},
  doi = {10/gfx8dw},
  number = {12},
  journal = {New Journal of Physics},
  author = {Tucker, K and Zhu, B and {Lewis-Swan}, R J and Marino, J and Jimenez, F and Restrepo, J G and Rey, A M},
  month = dec,
  year = {2018},
  pages = {123003}
}

@article{maldacena2016bound,
  title = {A Bound on Chaos},
  volume = {2016},
  issn = {1029-8479},
  doi = {10/gdf5hj},
  number = {8},
  journal = {Journal of High Energy Physics},
  author = {Maldacena, Juan and Shenker, Stephen H. and Stanford, Douglas},
  month = aug,
  year = {2016},
  pages = {106}
}

@article{swingle2018unscrambling,
  title = {Unscrambling the Physics of Out-of-Time-Order Correlators},
  volume = {14},
  issn = {1745-2481},
  doi = {10/gfzg9k},
  number = {10},
  journal = {Nature Physics},
  author = {Swingle, Brian},
  month = oct,
  year = {2018},
  pages = {988}
}

@article{garcia-mata2018chaos,
  title = {Chaos {{Signatures}} in the {{Short}} and {{Long Time Behavior}} of the {{Out}}-of-{{Time Ordered Correlator}}},
  volume = {121},
  number = {21},
  journal = {Physical Review Letters},
  doi = {10/gfzq4q},
  author = {{Garc{\'i}a-Mata}, Ignacio},
  year = {2018}
}

@article{blocher2019quantum,
  title = {Quantum Regression Theorem for Out-of-Time-Ordered Correlation Functions},
  volume = {99},
  number = {3},
  journal = {Physical Review A},
  doi = {10/gfw4kw},
  author = {Blocher, Philip Daniel and M{\o}lmer, Klaus},
  month = mar,
  year = {2019},
  pages = {033816}
}

@article{bromley2018dynamics,
  title = {Dynamics of Interacting Fermions under Spin\textendash{}Orbit Coupling in an Optical Lattice Clock},
  volume = {14},
  issn = {1745-2481},
  number = {4},
  journal = {Nature Physics},
  doi = {10/gcwbtg},
  author = {Bromley, S. L. and Kolkowitz, S. and Bothwell, T. and Kedar, D. and {Safavi-Naini}, A. and Wall, M. L. and Salomon, C. and Rey, A. M. and Ye, J.},
  month = apr,
  year = {2018},
  pages = {399-404}
}

@article{mori1965continuedfraction,
  title = {A {{Continued}}-{{Fraction Representation}} of the {{Time}}-{{Correlation Functions}}},
  volume = {34},
  issn = {0033-068X},
  number = {3},
  journal = {Progress of Theoretical Physics},
  doi = {10/cgtkbb},
  author = {Mori, Hazime},
  month = sep,
  year = {1965},
  pages = {399-416}
}

@article{annett1994recursive,
  title = {A Recursive Solution of {{Heisenberg}}'s Equation and Its Interpretation},
  volume = {6},
  issn = {0953-8984, 1361-648X},
  number = {32},
  journal = {Journal of Physics: Condensed Matter},
  doi = {10/d79ngr},
  author = {Annett, J F and Matthew, W and Foulkes, C and Haydock, R},
  month = aug,
  year = {1994},
  pages = {6455-6475}
}
