@article{bravyi2011schrieffer,
  title = {Schrieffer\textendash{{Wolff}} Transformation for Quantum Many-Body Systems},
  volume = {326},
  issn = {0003-4916},
  number = {10},
  journal = {Annals of Physics},
  doi = {10/dgh394},
  author = {Bravyi, Sergey and DiVincenzo, David P. and Loss, Daniel},
  month = oct,
  year = {2011},
  pages = {2793-2826}
}

@article{dicke1954coherence,
  title = {Coherence in {{Spontaneous Radiation Processes}}},
  volume = {93},
  issn = {0031-899X},
  number = {1},
  journal = {Physical Review},
  doi = {10/cbq3mc},
  author = {Dicke, R. H.},
  month = jan,
  year = {1954},
  pages = {99-110}
}

@article{he2019engineering,
  title = {Engineering Spin Squeezing in a {{3D}} Optical Lattice with Interacting Spin-Orbit-Coupled Fermions},
  author = {He, P. and Perlin, M. A. and Muleady, S. R. and {Lewis-Swan}, R. J. and Hutson, R. B. and Ye, J. and Rey, A. M.},
  year = {2019},
  month = nov,
  volume = {1},
  pages = {033075},
  doi = {10/ggcf6s},
  journal = {Physical Review Research},
  number = {3}
}
@article{perlin2019effective,
  title = {Effective multi-body {SU($N$)}-symmetric interactions of ultracold fermionic atoms on a {3D} lattice},
  volume = {21},
  issn = {1367-2630},
  number = {4},
  journal = {New Journal of Physics},
  doi = {10/gfwm2j},
  author = {Perlin, M. A. and Rey, A. M.},
  month = apr,
  year = {2019},
  pages = {043039}
}

@article{hioe1981level,
  title = {N -{{Level Coherence Vector}} and {{Higher Conservation Laws}} in {{Quantum Optics}} and {{Quantum Mechanics}}},
  volume = {47},
  issn = {0031-9007},
  number = {12},
  journal = {Physical Review Letters},
  doi = {10/fm4gtn},
  author = {Hioe, F. T. and Eberly, J. H.},
  month = sep,
  year = {1981},
  pages = {838-841}
}

@article{bertlmann2008bloch,
  title = {Bloch Vectors for Qudits},
  volume = {41},
  issn = {1751-8121},
  number = {23},
  journal = {Journal of Physics A: Mathematical and Theoretical},
  doi = {10/bj8k9k},
  author = {Bertlmann, Reinhold A. and Krammer, Philipp},
  month = may,
  year = {2008},
  pages = {235303}
}

@article{kryszewski2006alternative,
  archivePrefix = {arXiv},
  title = {Alternative representation of {$N\times N$} density matrix},
  journal = {arXiv:quant-ph/0602065},
  author = {Kryszewski, Stanislaw and Zachcial, Mateusz},
  month = feb,
  year = {2006}
}

@article{asadian2016heisenbergweyl,
  title = {Heisenberg-{{Weyl Observables}}: {{Bloch}} Vectors in Phase Space},
  volume = {94},
  shorttitle = {Heisenberg-{{Weyl Observables}}},
  number = {1},
  journal = {Physical Review A},
  doi = {10/gf8sk5},
  author = {Asadian, Ali and Erker, Paul and Huber, Marcus and Kl{\"o}ckl, Claude},
  month = jul,
  year = {2016},
  pages = {010301}
}

@article{perlin2020shorttime,
  title = {Short-Time Expansion of {{Heisenberg}} Operators in Open Collective Quantum Spin Systems},
  author = {Perlin, Michael A. and Rey, Ana Maria},
  year = {2020},
  month = feb,
  volume = {101},
  pages = {023601},
  doi = {10/ggj639},
  journal = {Physical Review A},
  number = {2}
}
