@article{bravyi2011schrieffer,
  title = {Schrieffer\textendash{{Wolff}} Transformation for Quantum Many-Body Systems},
  volume = {326},
  issn = {0003-4916},
  number = {10},
  journal = {Annals of Physics},
  doi = {10/dgh394},
  author = {Bravyi, Sergey and DiVincenzo, David P. and Loss, Daniel},
  month = oct,
  year = {2011},
  pages = {2793-2826}
}

@article{dicke1954coherence,
  title = {Coherence in {{Spontaneous Radiation Processes}}},
  volume = {93},
  issn = {0031-899X},
  number = {1},
  journal = {Physical Review},
  doi = {10/cbq3mc},
  author = {Dicke, R. H.},
  month = jan,
  year = {1954},
  pages = {99-110}
}

@article{he2019engineering,
  title = {Engineering Spin Squeezing in a {{3D}} Optical Lattice with Interacting Spin-Orbit-Coupled Fermions},
  author = {He, P. and Perlin, M. A. and Muleady, S. R. and {Lewis-Swan}, R. J. and Hutson, R. B. and Ye, J. and Rey, A. M.},
  year = {2019},
  month = nov,
  volume = {1},
  pages = {033075},
  doi = {10/ggcf6s},
  journal = {Physical Review Research},
  number = {3}
}
@article{perlin2019effective,
  title = {Effective multi-body {SU($N$)}-symmetric interactions of ultracold fermionic atoms on a {3D} lattice},
  volume = {21},
  issn = {1367-2630},
  number = {4},
  journal = {New Journal of Physics},
  doi = {10/gfwm2j},
  author = {Perlin, M. A. and Rey, A. M.},
  month = apr,
  year = {2019},
  pages = {043039}
}

@article{kitagawa1993squeezed,
  title = {Squeezed Spin States},
  volume = {47},
  doi = {10/ccbxnv},
  number = {6},
  journal = {Physical Review A},
  author = {Kitagawa, Masahiro and Ueda, Masahito},
  month = jun,
  year = {1993},
  pages = {5138-5143}
}

@article{ma2011quantum,
  title = {Quantum Spin Squeezing},
  volume = {509},
  issn = {0370-1573},
  doi = {10/fnptvd},
  number = {2},
  journal = {Physics Reports},
  author = {Ma, Jian and Wang, Xiaoguang and Sun, C. P. and Nori, Franco},
  month = dec,
  year = {2011},
  pages = {89-165}
}
