@article{pezze2018quantum,
  title = {Quantum Metrology with Nonclassical States of Atomic Ensembles},
  volume = {90},
  number = {3},
  journal = {Reviews of Modern Physics},
  doi = {10/gd4wc6},
  author = {Pezz{\`e}, Luca and Smerzi, Augusto and Oberthaler, Markus K. and Schmied, Roman and Treutlein, Philipp},
  month = sep,
  year = {2018},
  pages = {035005}
}

@article{aasi2013enhanced,
  title = {Enhanced Sensitivity of the {{LIGO}} Gravitational Wave Detector by Using Squeezed States of Light},
  volume = {7},
  issn = {1749-4893},
  number = {8},
  journal = {Nature Photonics},
  doi = {10/f45242},
  author = {Aasi, J. and Abadie, J. and Abbott, B. P. and Abbott, R. and Abbott, T. D. and Abernathy, M. R. and Adams, C. and Adams, T. and Addesso, P. and Adhikari, R. X. and Affeldt, C. and Aguiar, O. D. and Ajith, P. and Allen, B. and Amador Ceron, E. and Amariutei, D. and Anderson, S. B. and Anderson, W. G. and Arai, K. and Araya, M. C. and Arceneaux, C. and Ast, S. and Aston, S. M. and Atkinson, D. and Aufmuth, P. and Aulbert, C. and Austin, L. and Aylott, B. E. and Babak, S. and Baker, P. T. and Ballmer, S. and Bao, Y. and Barayoga, J. C. and Barker, D. and Barr, B. and Barsotti, L. and Barton, M. A. and Bartos, I. and Bassiri, R. and Batch, J. and Bauchrowitz, J. and Behnke, B. and Bell, A. S. and Bell, C. and Bergmann, G. and Berliner, J. M. and Bertolini, A. and Betzwieser, J. and Beveridge, N. and Beyersdorf, P. T. and Bhadbhade, T. and Bilenko, I. A. and Billingsley, G. and Birch, J. and Biscans, S. and Black, E. and Blackburn, J. K. and Blackburn, L. and Blair, D. and Bland, B. and Bock, O. and Bodiya, T. P. and Bogan, C. and Bond, C. and Bork, R. and Born, M. and Bose, S. and Bowers, J. and Brady, P. R. and Braginsky, V. B. and Brau, J. E. and Breyer, J. and Bridges, D. O. and Brinkmann, M. and Britzger, M. and Brooks, A. F. and Brown, D. A. and Brown, D. D. and Buckland, K. and Br{\"u}ckner, F. and Buchler, B. C. and Buonanno, A. and {Burguet-Castell}, J. and Byer, R. L. and Cadonati, L. and Camp, J. B. and Campsie, P. and Cannon, K. and Cao, J. and Capano, C. D. and Carbone, L. and Caride, S. and Castiglia, A. D. and Caudill, S. and Cavagli{\`a}, M. and Cepeda, C. and Chalermsongsak, T. and Chao, S. and Charlton, P. and Chen, X. and Chen, Y. and Cho, H.-S. and Chow, J. H. and Christensen, N. and Chu, Q. and Chua, S. S. Y. and Chung, C. T. Y. and Ciani, G. and Clara, F. and Clark, D. E. and Clark, J. A. and Constancio Junior, M. and Cook, D. and Corbitt, T. R. and Cordier, M. and Cornish, N. and Corsi, A. and Costa, C. A. and Coughlin, M. W. and Countryman, S. and Couvares, P. and Coward, D. M. and Cowart, M. and Coyne, D. C. and Craig, K. and Creighton, J. D. E. and Creighton, T. D. and Cumming, A. and Cunningham, L. and Dahl, K. and Damjanic, M. and Danilishin, S. L. and Danzmann, K. and Daudert, B. and Daveloza, H. and Davies, G. S. and Daw, E. J. and Dayanga, T. and Deleeuw, E. and Denker, T. and Dent, T. and Dergachev, V. and DeRosa, R. and DeSalvo, R. and Dhurandhar, S. and Di Palma, I. and D{\'i}az, M. and Dietz, A. and Donovan, F. and Dooley, K. L. and Doravari, S. and Drasco, S. and Drever, R. W. P. and Driggers, J. C. and Du, Z. and Dumas, J.-C. and Dwyer, S. and Eberle, T. and Edwards, M. and Effler, A. and Ehrens, P. and Eikenberry, S. S. and Engel, R. and Essick, R. and Etzel, T. and Evans, K. and Evans, M. and Evans, T. and Factourovich, M. and Fairhurst, S. and Fang, Q. and Farr, B. F. and Farr, W. and Favata, M. and Fazi, D. and Fehrmann, H. and Feldbaum, D. and Finn, L. S. and Fisher, R. P. and Foley, S. and Forsi, E. and Fotopoulos, N. and Frede, M. and Frei, M. A. and Frei, Z. and Freise, A. and Frey, R. and Fricke, T. T. and Friedrich, D. and Fritschel, P. and Frolov, V. V. and Fujimoto, M.-K. and Fulda, P. J. and Fyffe, M. and Gair, J. and Garcia, J. and Gehrels, N. and Gelencser, G. and Gergely, L. {\'A} and Ghosh, S. and Giaime, J. A. and Giampanis, S. and Giardina, K. D. and {Gil-Casanova}, S. and Gill, C. and Gleason, J. and Goetz, E. and Gonz{\'a}lez, G. and Gordon, N. and Gorodetsky, M. L. and Gossan, S. and Go{\ss}ler, S. and Graef, C. and Graff, P. B. and Grant, A. and Gras, S. and Gray, C. and Greenhalgh, R. J. S. and Gretarsson, A. M. and Griffo, C. and Grote, H. and Grover, K. and Grunewald, S. and Guido, C. and Gustafson, E. K. and Gustafson, R. and Hammer, D. and Hammond, G. and Hanks, J. and Hanna, C. and Hanson, J. and Haris, K. and Harms, J. and Harry, G. M. and Harry, I. W. and Harstad, E. D. and Hartman, M. T. and Haughian, K. and Hayama, K. and Heefner, J. and Heintze, M. C. and Hendry, M. A. and Heng, I. S. and Heptonstall, A. W. and Heurs, M. and Hewitson, M. and Hild, S. and Hoak, D. and Hodge, K. A. and Holt, K. and Holtrop, M. and Hong, T. and Hooper, S. and Hough, J. and Howell, E. J. and Huang, V. and Huerta, E. A. and Hughey, B. and Huttner, S. H. and Huynh, M. and {Huynh-Dinh}, T. and Ingram, D. R. and Inta, R. and Isogai, T. and Ivanov, A. and Iyer, B. R. and Izumi, K. and Jacobson, M. and James, E. and Jang, H. and Jang, Y. J. and Jesse, E. and Johnson, W. W. and Jones, D. and Jones, D. I. and Jones, R. and Ju, L. and Kalmus, P. and Kalogera, V. and Kandhasamy, S. and Kang, G. and Kanner, J. B. and Kasturi, R. and Katsavounidis, E. and Katzman, W. and Kaufer, H. and Kawabe, K. and Kawamura, S. and Kawazoe, F. and Keitel, D. and Kelley, D. B. and Kells, W. and Keppel, D. G. and Khalaidovski, A. and Khalili, F. Y. and Khazanov, E. A. and Kim, B. K. and Kim, C. and Kim, K. and Kim, N. and Kim, Y.-M. and King, P. J. and Kinzel, D. L. and Kissel, J. S. and Klimenko, S. and Kline, J. and Kokeyama, K. and Kondrashov, V. and Koranda, S. and Korth, W. Z. and Kozak, D. and Kozameh, C. and Kremin, A. and Kringel, V. and Krishnan, B. and Kucharczyk, C. and Kuehn, G. and Kumar, P. and Kumar, R. and Kuper, B. J. and Kurdyumov, R. and Kwee, P. and Lam, P. K. and Landry, M. and Lantz, B. and Lasky, P. D. and Lawrie, C. and Lazzarini, A. and Le Roux, A. and Leaci, P. and Lee, C.-H. and Lee, H. K. and Lee, H. M. and Lee, J. and Leong, J. R. and Levine, B. and Lhuillier, V. and Lin, A. C. and Litvine, V. and Liu, Y. and Liu, Z. and Lockerbie, N. A. and Lodhia, D. and Loew, K. and Logue, J. and Lombardi, A. L. and Lormand, M. and Lough, J. and Lubinski, M. and L{\"u}ck, H. and Lundgren, A. P. and Macarthur, J. and Macdonald, E. and Machenschalk, B. and MacInnis, M. and Macleod, D. M. and {Maga{\~n}a-Sandoval}, F. and Mageswaran, M. and Mailand, K. and Manca, G. and Mandel, I. and Mandic, V. and M{\'a}rka, S. and M{\'a}rka, Z. and Markosyan, A. S. and Maros, E. and Martin, I. W. and Martin, R. M. and Martinov, D. and Marx, J. N. and Mason, K. and Matichard, F. and Matone, L. and Matzner, R. A. and Mavalvala, N. and May, G. and Mazzolo, G. and McAuley, K. and McCarthy, R. and McClelland, D. E. and McGuire, S. C. and McIntyre, G. and McIver, J. and Meadors, G. D. and Mehmet, M. and Meier, T. and Melatos, A. and Mendell, G. and Mercer, R. A. and Meshkov, S. and Messenger, C. and Meyer, M. S. and Miao, H. and Miller, J. and Mingarelli, C. M. F. and Mitra, S. and Mitrofanov, V. P. and Mitselmakher, G. and Mittleman, R. and Moe, B. and Mokler, F. and Mohapatra, S. R. P. and Moraru, D. and Moreno, G. and Mori, T. and Morriss, S. R. and Mossavi, K. and {Mow-Lowry}, C. M. and Mueller, C. L. and Mueller, G. and Mukherjee, S. and Mullavey, A. and Munch, J. and Murphy, D. and Murray, P. G. and Mytidis, A. and Nanda Kumar, D. and Nash, T. and Nayak, R. and Necula, V. and Newton, G. and Nguyen, T. and Nishida, E. and Nishizawa, A. and Nitz, A. and Nolting, D. and Normandin, M. E. and Nuttall, L. K. and O'Dell, J. and O'Reilly, B. and O'Shaughnessy, R. and Ochsner, E. and Oelker, E. and Ogin, G. H. and Oh, J. J. and Oh, S. H. and Ohme, F. and Oppermann, P. and Osthelder, C. and Ott, C. D. and Ottaway, D. J. and Ottens, R. S. and Ou, J. and Overmier, H. and Owen, B. J. and Padilla, C. and Pai, A. and Pan, Y. and Pankow, C. and Papa, M. A. and Paris, H. and Parkinson, W. and Pedraza, M. and Penn, S. and Peralta, C. and Perreca, A. and Phelps, M. and Pickenpack, M. and Pierro, V. and Pinto, I. M. and Pitkin, M. and Pletsch, H. J. and P{\"o}ld, J. and Postiglione, F. and Poux, C. and Predoi, V. and Prestegard, T. and Price, L. R. and Prijatelj, M. and Privitera, S. and Prokhorov, L. G. and Puncken, O. and Quetschke, V. and Quintero, E. and {Quitzow-James}, R. and Raab, F. J. and Radkins, H. and Raffai, P. and Raja, S. and Rakhmanov, M. and Ramet, C. and Raymond, V. and Reed, C. M. and Reed, T. and Reid, S. and Reitze, D. H. and Riesen, R. and Riles, K. and Roberts, M. and Robertson, N. A. and Robinson, E. L. and Roddy, S. and Rodriguez, C. and Rodriguez, L. and Rodruck, M. and Rollins, J. G. and Romie, J. H. and R{\"o}ver, C. and Rowan, S. and R{\"u}diger, A. and Ryan, K. and Salemi, F. and Sammut, L. and Sandberg, V. and Sanders, J. and Sankar, S. and Sannibale, V. and Santamar{\'i}a, L. and {Santiago-Prieto}, I. and Santostasi, G. and Sathyaprakash, B. S. and Saulson, P. R. and Savage, R. L. and Schilling, R. and Schnabel, R. and Schofield, R. M. S. and Schuette, D. and Schulz, B. and Schutz, B. F. and Schwinberg, P. and Scott, J. and Scott, S. M. and Seifert, F. and Sellers, D. and Sengupta, A. S. and Sergeev, A. and Shaddock, D. A. and Shahriar, M. S. and Shaltev, M. and Shao, Z. and Shapiro, B. and Shawhan, P. and Shoemaker, D. H. and Sidery, T. L. and Siemens, X. and Sigg, D. and Simakov, D. and Singer, A. and Singer, L. and Sintes, A. M. and Skelton, G. R. and Slagmolen, B. J. J. and Slutsky, J. and Smith, J. R. and Smith, M. R. and Smith, R. J. E. and {Smith-Lefebvre}, N. D. and Son, E. J. and Sorazu, B. and Souradeep, T. and Stefszky, M. and Steinert, E. and Steinlechner, J. and Steinlechner, S. and Steplewski, S. and Stevens, D. and Stochino, A. and Stone, R. and Strain, K. A. and Strigin, S. E. and Stroeer, A. S. and Stuver, A. L. and Summerscales, T. Z. and Susmithan, S. and Sutton, P. J. and Szeifert, G. and Talukder, D. and Tanner, D. B. and Tarabrin, S. P. and Taylor, R. and Thomas, M. and Thomas, P. and Thorne, K. A. and Thorne, K. S. and Thrane, E. and Tiwari, V. and Tokmakov, K. V. and Tomlinson, C. and Torres, C. V. and Torrie, C. I. and Traylor, G. and Tse, M. and Ugolini, D. and Unnikrishnan, C. S. and Vahlbruch, H. and Vallisneri, M. and {van der Sluys}, M. V. and {van Veggel}, A. A. and Vass, S. and Vaulin, R. and Vecchio, A. and Veitch, P. J. and Veitch, J. and Venkateswara, K. and Verma, S. and {Vincent-Finley}, R. and Vitale, S. and Vo, T. and Vorvick, C. and Vousden, W. D. and Vyatchanin, S. P. and Wade, A. and Wade, L. and Wade, M. and Waldman, S. J. and Wallace, L. and Wan, Y. and Wang, M. and Wang, J. and Wang, X. and Wanner, A. and Ward, R. L. and Was, M. and Weinert, M. and Weinstein, A. J. and Weiss, R. and Welborn, T. and Wen, L. and Wessels, P. and West, M. and Westphal, T. and Wette, K. and Whelan, J. T. and Whitcomb, S. E. and Wiseman, A. G. and White, D. J. and Whiting, B. F. and Wiesner, K. and Wilkinson, C. and Willems, P. A. and Williams, L. and Williams, R. and Williams, T. and Willis, J. L. and Willke, B. and Wimmer, M. and Winkelmann, L. and Winkler, W. and C. Wipf, C. and Wittel, H. and Woan, G. and Wooley, R. and Worden, J. and Yablon, J. and Yakushin, I. and Yamamoto, H. and Yancey, C. C. and Yang, H. and {Yeaton-Massey}, D. and Yoshida, S. and Yum, H. and Zanolin, M. and Zhang, F. and Zhang, L. and Zhao, C. and Zhu, H. and Zhu, X. J. and Zotov, N. and Zucker, M. E. and Zweizig, J.},
  month = aug,
  year = {2013},
  pages = {613-619}
}

@article{abbott2016gw150914,
  title = {{{GW150914}}: {{The Advanced LIGO Detectors}} in the {{Era}} of {{First Discoveries}}},
  volume = {116},
  issn = {0031-9007, 1079-7114},
  shorttitle = {{{GW150914}}},
  number = {13},
  journal = {Physical Review Letters},
  doi = {10/gf677j},
  author = {Abbott, B. P. and Abbott, R. and Abbott, T. D. and Abernathy, M. R. and Acernese, F. and Ackley, K. and Adams, C. and Adams, T. and Addesso, P. and Adhikari, R. X. and Adya, V. B. and Affeldt, C. and Agathos, M. and Agatsuma, K. and Aggarwal, N. and Aguiar, O. D. and Aiello, L. and Ain, A. and Ajith, P. and Allen, B. and Allocca, A. and Altin, P. A. and Anderson, S. B. and Anderson, W. G. and Arai, K. and Araya, M. C. and Arceneaux, C. C. and Areeda, J. S. and Arnaud, N. and Arun, K. G. and Ascenzi, S. and Ashton, G. and Ast, M. and Aston, S. M. and Astone, P. and Aufmuth, P. and Aulbert, C. and Babak, S. and Bacon, P. and Bader, M. K. M. and Baker, P. T. and Baldaccini, F. and Ballardin, G. and Ballmer, S. W. and Barayoga, J. C. and Barclay, S. E. and Barish, B. C. and Barker, D. and Barone, F. and Barr, B. and Barsotti, L. and Barsuglia, M. and Barta, D. and Bartlett, J. and Bartos, I. and Bassiri, R. and Basti, A. and Batch, J. C. and Baune, C. and Bavigadda, V. and Bazzan, M. and Behnke, B. and Bejger, M. and Bell, A. S. and Bell, C. J. and Berger, B. K. and Bergman, J. and Bergmann, G. and Berry, C. P. L. and Bersanetti, D. and Bertolini, A. and Betzwieser, J. and Bhagwat, S. and Bhandare, R. and Bilenko, I. A. and Billingsley, G. and Birch, J. and Birney, R. and Biscans, S. and Bisht, A. and Bitossi, M. and Biwer, C. and Bizouard, M. A. and Blackburn, J. K. and Blair, C. D. and Blair, D. G. and Blair, R. M. and Bloemen, S. and Bock, O. and Bodiya, T. P. and Boer, M. and Bogaert, G. and Bogan, C. and Bohe, A. and Bojtos, P. and Bond, C. and Bondu, F. and Bonnand, R. and Boom, B. A. and Bork, R. and Boschi, V. and Bose, S. and Bouffanais, Y. and Bozzi, A. and Bradaschia, C. and Brady, P. R. and Braginsky, V. B. and Branchesi, M. and Brau, J. E. and Briant, T. and Brillet, A. and Brinkmann, M. and Brisson, V. and Brockill, P. and Brooks, A. F. and Brown, D. A. and Brown, D. D. and Brown, N. M. and Buchanan, C. C. and Buikema, A. and Bulik, T. and Bulten, H. J. and Buonanno, A. and Buskulic, D. and Buy, C. and Byer, R. L. and Cadonati, L. and Cagnoli, G. and Cahillane, C. and Calder{\'o}n Bustillo, J. and Callister, T. and Calloni, E. and Camp, J. B. and Cannon, K. C. and Cao, J. and Capano, C. D. and Capocasa, E. and Carbognani, F. and Caride, S. and Casanueva Diaz, J. and Casentini, C. and Caudill, S. and Cavagli{\`a}, M. and Cavalier, F. and Cavalieri, R. and Cella, G. and Cepeda, C. B. and Cerboni Baiardi, L. and Cerretani, G. and Cesarini, E. and Chakraborty, R. and Chalermsongsak, T. and Chamberlin, S. J. and Chan, M. and Chao, S. and Charlton, P. and {Chassande-Mottin}, E. and Chen, H. Y. and Chen, Y. and Cheng, C. and Chincarini, A. and Chiummo, A. and Cho, H. S. and Cho, M. and Chow, J. H. and Christensen, N. and Chu, Q. and Chua, S. and Chung, S. and Ciani, G. and Clara, F. and Clark, J. A. and Cleva, F. and Coccia, E. and Cohadon, P.-F. and Colla, A. and Collette, C. G. and Cominsky, L. and Constancio, M. and Conte, A. and Conti, L. and Cook, D. and Corbitt, T. R. and Cornish, N. and Corsi, A. and Cortese, S. and Costa, C. A. and Coughlin, M. W. and Coughlin, S. B. and Coulon, J.-P. and Countryman, S. T. and Couvares, P. and Cowan, E. E. and Coward, D. M. and Cowart, M. J. and Coyne, D. C. and Coyne, R. and Craig, K. and Creighton, J. D. E. and Cripe, J. and Crowder, S. G. and Cumming, A. and Cunningham, L. and Cuoco, E. and Dal Canton, T. and Danilishin, S. L. and D'Antonio, S. and Danzmann, K. and Darman, N. S. and Dattilo, V. and Dave, I. and Daveloza, H. P. and Davier, M. and Davies, G. S. and Daw, E. J. and Day, R. and DeBra, D. and Debreczeni, G. and Degallaix, J. and De Laurentis, M. and Del{\'e}glise, S. and Del Pozzo, W. and Denker, T. and Dent, T. and Dereli, H. and Dergachev, V. and DeRosa, R. T. and De Rosa, R. and DeSalvo, R. and Dhurandhar, S. and D{\'i}az, M. C. and Di Fiore, L. and Di Giovanni, M. and Di Lieto, A. and Di Pace, S. and Di Palma, I. and Di Virgilio, A. and Dojcinoski, G. and Dolique, V. and Donovan, F. and Dooley, K. L. and Doravari, S. and Douglas, R. and Downes, T. P. and Drago, M. and Drever, R. W. P. and Driggers, J. C. and Du, Z. and Ducrot, M. and Dwyer, S. E. and Edo, T. B. and Edwards, M. C. and Effler, A. and Eggenstein, H.-B. and Ehrens, P. and Eichholz, J. and Eikenberry, S. S. and Engels, W. and Essick, R. C. and Etzel, T. and Evans, M. and Evans, T. M. and Everett, R. and Factourovich, M. and Fafone, V. and Fair, H. and Fairhurst, S. and Fan, X. and Fang, Q. and Farinon, S. and Farr, B. and Farr, W. M. and Favata, M. and Fays, M. and Fehrmann, H. and Fejer, M. M. and Ferrante, I. and Ferreira, E. C. and Ferrini, F. and Fidecaro, F. and Fiori, I. and Fiorucci, D. and Fisher, R. P. and Flaminio, R. and Fletcher, M. and Fournier, J.-D. and Franco, S. and Frasca, S. and Frasconi, F. and Frei, Z. and Freise, A. and Frey, R. and Frey, V. and Fricke, T. T. and Fritschel, P. and Frolov, V. V. and Fulda, P. and Fyffe, M. and Gabbard, H. A. G. and Gair, J. R. and Gammaitoni, L. and Gaonkar, S. G. and Garufi, F. and Gatto, A. and Gaur, G. and Gehrels, N. and Gemme, G. and Gendre, B. and Genin, E. and Gennai, A. and George, J. and Gergely, L. and Germain, V. and Ghosh, Archisman and Ghosh, S. and Giaime, J. A. and Giardina, K. D. and Giazotto, A. and Gill, K. and Glaefke, A. and Goetz, E. and Goetz, R. and Gondan, L. and Gonz{\'a}lez, G. and Gonzalez Castro, J. M. and Gopakumar, A. and Gordon, N. A. and Gorodetsky, M. L. and Gossan, S. E. and Gosselin, M. and Gouaty, R. and Graef, C. and Graff, P. B. and Granata, M. and Grant, A. and Gras, S. and Gray, C. and Greco, G. and Green, A. C. and Groot, P. and Grote, H. and Grunewald, S. and Guidi, G. M. and Guo, X. and Gupta, A. and Gupta, M. K. and Gushwa, K. E. and Gustafson, E. K. and Gustafson, R. and Hacker, J. J. and Hall, B. R. and Hall, E. D. and Hammond, G. and Haney, M. and Hanke, M. M. and Hanks, J. and Hanna, C. and Hannam, M. D. and Hanson, J. and Hardwick, T. and Haris, K. and Harms, J. and Harry, G. M. and Harry, I. W. and Hart, M. J. and Hartman, M. T. and Haster, C.-J. and Haughian, K. and Heidmann, A. and Heintze, M. C. and Heitmann, H. and Hello, P. and Hemming, G. and Hendry, M. and Heng, I. S. and Hennig, J. and Heptonstall, A. W. and Heurs, M. and Hild, S. and Hoak, D. and Hodge, K. A. and Hofman, D. and Hollitt, S. E. and Holt, K. and Holz, D. E. and Hopkins, P. and Hosken, D. J. and Hough, J. and Houston, E. A. and Howell, E. J. and Hu, Y. M. and Huang, S. and Huerta, E. A. and Huet, D. and Hughey, B. and Husa, S. and Huttner, S. H. and {Huynh-Dinh}, T. and Idrisy, A. and Indik, N. and Ingram, D. R. and Inta, R. and Isa, H. N. and Isac, J.-M. and Isi, M. and Islas, G. and Isogai, T. and Iyer, B. R. and Izumi, K. and Jacqmin, T. and Jang, H. and Jani, K. and Jaranowski, P. and Jawahar, S. and {Jim{\'e}nez-Forteza}, F. and Johnson, W. W. and Jones, D. I. and Jones, R. and Jonker, R. J. G. and Ju, L. and Kalaghatgi, C. V. and Kalogera, V. and Kandhasamy, S. and Kang, G. and Kanner, J. B. and Karki, S. and Kasprzack, M. and Katsavounidis, E. and Katzman, W. and Kaufer, S. and Kaur, T. and Kawabe, K. and Kawazoe, F. and K{\'e}f{\'e}lian, F. and Kehl, M. S. and Keitel, D. and Kelley, D. B. and Kells, W. and Kennedy, R. and Key, J. S. and Khalaidovski, A. and Khalili, F. Y. and Khan, I. and Khan, S. and Khan, Z. and Khazanov, E. A. and Kijbunchoo, N. and Kim, C. and Kim, J. and Kim, K. and Kim, Nam-Gyu and Kim, Namjun and Kim, Y.-M. and King, E. J. and King, P. J. and Kinzel, D. L. and Kissel, J. S. and Kleybolte, L. and Klimenko, S. and Koehlenbeck, S. M. and Kokeyama, K. and Koley, S. and Kondrashov, V. and Kontos, A. and Korobko, M. and Korth, W. Z. and Kowalska, I. and Kozak, D. B. and Kringel, V. and Kr{\'o}lak, A. and Krueger, C. and Kuehn, G. and Kumar, P. and Kuo, L. and Kutynia, A. and Lackey, B. D. and Landry, M. and Lange, J. and Lantz, B. and Lasky, P. D. and Lazzarini, A. and Lazzaro, C. and Leaci, P. and Leavey, S. and Lebigot, E. O. and Lee, C. H. and Lee, H. K. and Lee, H. M. and Lee, K. and Lenon, A. and Leonardi, M. and Leong, J. R. and Leroy, N. and Letendre, N. and Levin, Y. and Levine, B. M. and Li, T. G. F. and Libson, A. and Littenberg, T. B. and Lockerbie, N. A. and Logue, J. and Lombardi, A. L. and Lord, J. E. and Lorenzini, M. and Loriette, V. and Lormand, M. and Losurdo, G. and Lough, J. D. and L{\"u}ck, H. and Lundgren, A. P. and Luo, J. and Lynch, R. and Ma, Y. and MacDonald, T. and Machenschalk, B. and MacInnis, M. and Macleod, D. M. and {Maga{\~n}a-Sandoval}, F. and Magee, R. M. and Mageswaran, M. and Majorana, E. and Maksimovic, I. and Malvezzi, V. and Man, N. and Mandel, I. and Mandic, V. and Mangano, V. and Mansell, G. L. and Manske, M. and Mantovani, M. and Marchesoni, F. and Marion, F. and M{\'a}rka, S. and M{\'a}rka, Z. and Markosyan, A. S. and Maros, E. and Martelli, F. and Martellini, L. and Martin, I. W. and Martin, R. M. and Martynov, D. V. and Marx, J. N. and Mason, K. and Masserot, A. and Massinger, T. J. and {Masso-Reid}, M. and Matichard, F. and Matone, L. and Mavalvala, N. and Mazumder, N. and Mazzolo, G. and McCarthy, R. and McClelland, D. E. and McCormick, S. and McGuire, S. C. and McIntyre, G. and McIver, J. and McManus, D. J. and McWilliams, S. T. and Meacher, D. and Meadors, G. D. and Meidam, J. and Melatos, A. and Mendell, G. and {Mendoza-Gandara}, D. and Mercer, R. A. and Merilh, E. and Merzougui, M. and Meshkov, S. and Messenger, C. and Messick, C. and Meyers, P. M. and Mezzani, F. and Miao, H. and Michel, C. and Middleton, H. and Mikhailov, E. E. and Milano, L. and Miller, J. and Millhouse, M. and Minenkov, Y. and Ming, J. and Mirshekari, S. and Mishra, C. and Mitra, S. and Mitrofanov, V. P. and Mitselmakher, G. and Mittleman, R. and Moggi, A. and Mohan, M. and Mohapatra, S. R. P. and Montani, M. and Moore, B. C. and Moore, C. J. and Moraru, D. and Moreno, G. and Morriss, S. R. and Mossavi, K. and Mours, B. and {Mow-Lowry}, C. M. and Mueller, C. L. and Mueller, G. and Muir, A. W. and Mukherjee, Arunava and Mukherjee, D. and Mukherjee, S. and Mukund, N. and Mullavey, A. and Munch, J. and Murphy, D. J. and Murray, P. G. and Mytidis, A. and Nardecchia, I. and Naticchioni, L. and Nayak, R. K. and Necula, V. and Nedkova, K. and Nelemans, G. and Neri, M. and Neunzert, A. and Newton, G. and Nguyen, T. T. and Nielsen, A. B. and Nissanke, S. and Nitz, A. and Nocera, F. and Nolting, D. and Normandin, M. E. and Nuttall, L. K. and Oberling, J. and Ochsner, E. and O'Dell, J. and Oelker, E. and Ogin, G. H. and Oh, J. J. and Oh, S. H. and Ohme, F. and Oliver, M. and Oppermann, P. and Oram, Richard J. and O'Reilly, B. and O'Shaughnessy, R. and Ottaway, D. J. and Ottens, R. S. and Overmier, H. and Owen, B. J. and Pai, A. and Pai, S. A. and Palamos, J. R. and Palashov, O. and Palomba, C. and {Pal-Singh}, A. and Pan, H. and Pankow, C. and Pannarale, F. and Pant, B. C. and Paoletti, F. and Paoli, A. and Papa, M. A. and Paris, H. R. and Parker, W. and Pascucci, D. and Pasqualetti, A. and Passaquieti, R. and Passuello, D. and Patricelli, B. and Patrick, Z. and Pearlstone, B. L. and Pedraza, M. and Pedurand, R. and Pekowsky, L. and Pele, A. and Penn, S. and Perreca, A. and Phelps, M. and Piccinni, O. and Pichot, M. and Piergiovanni, F. and Pierro, V. and Pillant, G. and Pinard, L. and Pinto, I. M. and Pitkin, M. and Poggiani, R. and Popolizio, P. and Post, A. and Powell, J. and Prasad, J. and Predoi, V. and Premachandra, S. S. and Prestegard, T. and Price, L. R. and Prijatelj, M. and Principe, M. and Privitera, S. and Prodi, G. A. and Prokhorov, L. and Puncken, O. and Punturo, M. and Puppo, P. and P{\"u}rrer, M. and Qi, H. and Qin, J. and Quetschke, V. and Quintero, E. A. and {Quitzow-James}, R. and Raab, F. J. and Rabeling, D. S. and Radkins, H. and Raffai, P. and Raja, S. and Rakhmanov, M. and Rapagnani, P. and Raymond, V. and Razzano, M. and Re, V. and Read, J. and Reed, C. M. and Regimbau, T. and Rei, L. and Reid, S. and Reitze, D. H. and Rew, H. and Reyes, S. D. and Ricci, F. and Riles, K. and Robertson, N. A. and Robie, R. and Robinet, F. and Rocchi, A. and Rolland, L. and Rollins, J. G. and Roma, V. J. and Romano, R. and Romanov, G. and Romie, J. H. and Rosi{\'n}ska, D. and Rowan, S. and R{\"u}diger, A. and Ruggi, P. and Ryan, K. and Sachdev, S. and Sadecki, T. and Sadeghian, L. and Salconi, L. and Saleem, M. and Salemi, F. and Samajdar, A. and Sammut, L. and Sanchez, E. J. and Sandberg, V. and Sandeen, B. and Sanders, J. R. and Sassolas, B. and Sathyaprakash, B. S. and Saulson, P. R. and Sauter, O. and Savage, R. L. and Sawadsky, A. and Schale, P. and Schilling, R. and Schmidt, J. and Schmidt, P. and Schnabel, R. and Schofield, R. M. S. and Sch{\"o}nbeck, A. and Schreiber, E. and Schuette, D. and Schutz, B. F. and Scott, J. and Scott, S. M. and Sellers, D. and Sengupta, A. S. and Sentenac, D. and Sequino, V. and Sergeev, A. and Serna, G. and Setyawati, Y. and Sevigny, A. and Shaddock, D. A. and Shah, S. and Shahriar, M. S. and Shaltev, M. and Shao, Z. and Shapiro, B. and Shawhan, P. and Sheperd, A. and Shoemaker, D. H. and Shoemaker, D. M. and Siellez, K. and Siemens, X. and Sigg, D. and Silva, A. D. and Simakov, D. and Singer, A. and Singer, L. P. and Singh, A. and Singh, R. and Singhal, A. and Sintes, A. M. and Slagmolen, B. J. J. and Smith, J. R. and Smith, N. D. and Smith, R. J. E. and Son, E. J. and Sorazu, B. and Sorrentino, F. and Souradeep, T. and Srivastava, A. K. and Staley, A. and Steinke, M. and Steinlechner, J. and Steinlechner, S. and Steinmeyer, D. and Stephens, B. C. and Stone, R. and Strain, K. A. and Straniero, N. and Stratta, G. and Strauss, N. A. and Strigin, S. and Sturani, R. and Stuver, A. L. and Summerscales, T. Z. and Sun, L. and Sutton, P. J. and Swinkels, B. L. and Szczepa{\'n}czyk, M. J. and Tacca, M. and Talukder, D. and Tanner, D. B. and T{\'a}pai, M. and Tarabrin, S. P. and Taracchini, A. and Taylor, R. and Theeg, T. and Thirugnanasambandam, M. P. and Thomas, E. G. and Thomas, M. and Thomas, P. and Thorne, K. A. and Thorne, K. S. and Thrane, E. and Tiwari, S. and Tiwari, V. and Tokmakov, K. V. and Tomlinson, C. and Tonelli, M. and Torres, C. V. and Torrie, C. I. and T{\"o}yr{\"a}, D. and Travasso, F. and Traylor, G. and Trifir{\`o}, D. and Tringali, M. C. and Trozzo, L. and Tse, M. and Turconi, M. and Tuyenbayev, D. and Ugolini, D. and Unnikrishnan, C. S. and Urban, A. L. and Usman, S. A. and Vahlbruch, H. and Vajente, G. and Valdes, G. and {van Bakel}, N. and {van Beuzekom}, M. and {van den Brand}, J. F. J. and Van Den Broeck, C. and {Vander-Hyde}, D. C. and {van der Schaaf}, L. and {van Heijningen}, J. V. and {van Veggel}, A. A. and Vardaro, M. and Vass, S. and Vas{\'u}th, M. and Vaulin, R. and Vecchio, A. and Vedovato, G. and Veitch, J. and Veitch, P. J. and Venkateswara, K. and Verkindt, D. and Vetrano, F. and Vicer{\'e}, A. and Vinciguerra, S. and Vine, D. J. and Vinet, J.-Y. and Vitale, S. and Vo, T. and Vocca, H. and Vorvick, C. and Voss, D. and Vousden, W. D. and Vyatchanin, S. P. and Wade, A. R. and Wade, L. E. and Wade, M. and Walker, M. and Wallace, L. and Walsh, S. and Wang, G. and Wang, H. and Wang, M. and Wang, X. and Wang, Y. and Ward, R. L. and Warner, J. and Was, M. and Weaver, B. and Wei, L.-W. and Weinert, M. and Weinstein, A. J. and Weiss, R. and Welborn, T. and Wen, L. and We{\ss}els, P. and Westphal, T. and Wette, K. and Whelan, J. T. and Whitcomb, S. E. and White, D. J. and Whiting, B. F. and Williams, R. D. and Williamson, A. R. and Willis, J. L. and Willke, B. and Wimmer, M. H. and Winkler, W. and Wipf, C. C. and Wittel, H. and Woan, G. and Worden, J. and Wright, J. L. and Wu, G. and Yablon, J. and Yam, W. and Yamamoto, H. and Yancey, C. C. and Yap, M. J. and Yu, H. and Yvert, M. and Zadro{\.z}ny, A. and Zangrando, L. and Zanolin, M. and Zendri, J.-P. and Zevin, M. and Zhang, F. and Zhang, L. and Zhang, M. and Zhang, Y. and Zhao, C. and Zhou, M. and Zhou, Z. and Zhu, X. J. and Zucker, M. E. and Zuraw, S. E. and Zweizig, J. and {LIGO Scientific Collaboration and Virgo Collaboration}},
  month = mar,
  year = {2016},
  pages = {131103}
}

@article{perlin2019shorttime,
  archivePrefix = {arXiv},
  primaryClass = {quant-ph},
  title = {Short-Time Expansion of {{Heisenberg}} Operators in Open Collective Quantum Spin Systems},
  journal = {arXiv:1905.09475 [quant-ph]},
  author = {Perlin, Michael A. and Rey, Ana Maria},
  month = may,
  year = {2019}
}

@article{scazza2014observation,
  title = {Observation of two-orbital spin-exchange interactions with ultracold $\mathrm{SU}(N)$-symmetric fermions},
  volume = {10},
  issn = {1745-2481},
  number = {10},
  journal = {Nature Physics},
  doi = {10/gcsjd4},
  author = {Scazza, F. and Hofrichter, C. and Höfer, M. and Groot, P. C. De and Bloch, I. and Fölling, S.},
  month = oct,
  year = {2014},
  pages = {779}
}

@article{cappellini2014direct,
  title = {Direct {{Observation}} of {{Coherent Interorbital Spin}}-{{Exchange Dynamics}}},
  volume = {113},
  number = {12},
  journal = {Physical Review Letters},
  doi = {10/gcsjd2},
  author = {Cappellini, G. and Mancini, M. and Pagano, G. and Lombardi, P. and Livi, L. and {Siciliani de Cumis}, M. and Cancio, P. and Pizzocaro, M. and Calonico, D. and Levi, F. and Sias, C. and Catani, J. and Inguscio, M. and Fallani, L.},
  month = sep,
  year = {2014},
  pages = {120402}
}

@article{liu2011spin,
  title = {Spin {{Squeezing}}: {{Transforming One}}-{{Axis Twisting}} into {{Two}}-{{Axis Twisting}}},
  volume = {107},
  shorttitle = {Spin {{Squeezing}}},
  number = {1},
  journal = {Physical Review Letters},
  doi = {10/dw3w4s},
  author = {Liu, Y. C. and Xu, Z. F. and Jin, G. R. and You, L.},
  month = jun,
  year = {2011},
  pages = {013601}
}

@article{campbell2017fermidegenerate,
  title = {A {{Fermi}}-Degenerate Three-Dimensional Optical Lattice Clock},
  volume = {358},
  issn = {0036-8075, 1095-9203},
  doi = {10/cdwx},
  number = {6359},
  journal = {Science},
  author = {Campbell, S. L. and Hutson, R. B. and Marti, G. E. and Goban, A. and Oppong, N. Darkwah and McNally, R. L. and Sonderhouse, L. and Robinson, J. M. and Zhang, W. and Bloom, B. J. and Ye, J.},
  month = oct,
  year = {2017},
  pages = {90-94},
  pmid = {28983047}
}

@article{wall2016synthetic,
  title = {Synthetic {{Spin}}-{{Orbit Coupling}} in an {{Optical Lattice Clock}}},
  volume = {116},
  doi = {10/gcsjf8},
  number = {3},
  journal = {Physical Review Letters},
  author = {Wall, Michael L. and Koller, Andrew P. and Li, Shuming and Zhang, Xibo and Cooper, Nigel R. and Ye, Jun and Rey, Ana Maria},
  month = jan,
  year = {2016},
  pages = {035301}
}

@article{kolkowitz2016spinorbitcoupled,
  title = {Spin-Orbit-Coupled Fermions in an Optical Lattice Clock},
  volume = {542},
  issn = {1476-4687},
  doi = {10/f9j2n2},
  number = {7639},
  journal = {Nature},
  author = {Kolkowitz, S. and Bromley, S. L. and Bothwell, T. and Wall, M. L. and Marti, G. E. and Koller, A. P. and Zhang, X. and Rey, A. M. and Ye, J.},
  month = dec,
  year = {2016},
  pages = {66}
}

@article{ludlow2015optical,
  title = {Optical Atomic Clocks},
  volume = {87},
  doi = {10/gcsjfn},
  number = {2},
  journal = {Reviews of Modern Physics},
  author = {Ludlow, Andrew D. and Boyd, Martin M. and Ye, Jun and Peik, E. and Schmidt, P. O.},
  month = jun,
  year = {2015},
  pages = {637-701}
}

@article{swallows2011suppression,
  title = {Suppression of {{Collisional Shifts}} in a {{Strongly Interacting Lattice Clock}}},
  volume = {331},
  issn = {0036-8075, 1095-9203},
  doi = {10/cb9h44},
  number = {6020},
  journal = {Science},
  author = {Swallows, Matthew D. and Bishof, Michael and Lin, Yige and Blatt, Sebastian and Martin, Michael J. and Rey, Ana Maria and Ye, Jun},
  month = feb,
  year = {2011},
  pages = {1043-1046},
  pmid = {21292940}
}

@article{bravyi2011schrieffer,
  title = {Schrieffer\textendash{{Wolff}} Transformation for Quantum Many-Body Systems},
  volume = {326},
  issn = {0003-4916},
  doi = {10/dgh394},
  number = {10},
  journal = {Annals of Physics},
  author = {Bravyi, Sergey and DiVincenzo, David P. and Loss, Daniel},
  month = oct,
  year = {2011},
  pages = {2793-2826}
}

@article{lemke2011wave,
  title = {$p$-Wave Cold Collisions in an Optical Lattice Clock},
  volume = {107},
  doi = {10/c4gcdj},
  number = {10},
  journal = {Physical Review Letters},
  author = {Lemke, N. D. and von Stecher, J. and Sherman, J. A. and Rey, A. M. and Oates, C. W. and Ludlow, A. D.},
  month = aug,
  year = {2011},
  pages = {103902}
}

@article{ludlow2011coldcollisionshift,
  title = {Cold-Collision-Shift Cancellation and Inelastic Scattering in a {{Yb}} Optical Lattice Clock},
  volume = {84},
  doi = {10/b95x88},
  number = {5},
  journal = {Physical Review A},
  author = {Ludlow, A. D. and Lemke, N. D. and Sherman, J. A. and Oates, C. W. and Qu\'em\'ener, G. and {von Stecher}, J. and Rey, A. M.},
  month = nov,
  year = {2011},
  pages = {052724}
}

@article{bloom2014optical,
  title = {An optical lattice clock with accuracy and stability at the $10^{18}$ level},
  volume = {506},
  issn = {1476-4687},
  doi = {10/f5v7nz},
  number = {7486},
  journal = {Nature},
  author = {Bloom, B. J. and Nicholson, T. L. and Williams, J. R. and Campbell, S. L. and Bishof, M. and Zhang, X. and Zhang, W. and Bromley, S. L. and Ye, J.},
  month = jan,
  year = {2014},
  pages = {71}
}

@article{foss-feig2013nonequilibrium,
  title = {Nonequilibrium Dynamics of Arbitrary-Range {{Ising}} Models with Decoherence: {{An}} Exact Analytic Solution},
  volume = {87},
  shorttitle = {Nonequilibrium Dynamics of Arbitrary-Range {{Ising}} Models with Decoherence},
  doi = {10/gcsjdp},
  number = {4},
  journal = {Physical Review A},
  author = {{Foss-Feig}, Michael and Hazzard, Kaden R. A. and Bollinger, John J. and Rey, Ana Maria},
  month = apr,
  year = {2013},
  pages = {042101}
}

@article{bohnet2016quantum,
  title = {Quantum Spin Dynamics and Entanglement Generation with Hundreds of Trapped Ions},
  volume = {352},
  issn = {0036-8075, 1095-9203},
  number = {6291},
  journal = {Science},
  doi = {10/f8rgft},
  author = {Bohnet, Justin G. and Sawyer, Brian C. and Britton, Joseph W. and Wall, Michael L. and Rey, Ana Maria and {Foss-Feig}, Michael and Bollinger, John J.},
  month = jun,
  year = {2016},
  pages = {1297-1301},
  pmid = {27284189}
}

@article{huang2015twoaxis,
  title = {Two-Axis Spin Squeezing of Two-Component {{Bose}}-{{Einstein}} Condensates via Continuous Driving},
  volume = {91},
  doi = {10/gdg5mk},
  number = {4},
  journal = {Physical Review A},
  author = {Huang, Wen and Zhang, Yan-Lei and Zou, Chang-Ling and Zou, Xu-Bo and Guo, Guang-Can},
  month = apr,
  year = {2015},
  pages = {043642}
}

@article{zhang2014spectroscopic,
  title = {Spectroscopic observation of $\mathrm{SU}(N)$-symmetric interactions in Sr orbital magnetism},
  volume = {345},
  issn = {0036-8075, 1095-9203},
  number = {6203},
  journal = {Science},
  doi = {10/vgk},
  author = {Zhang, X. and Bishof, M. and Bromley, S. L. and Kraus, C. V. and Safronova, M. S. and Zoller, P. and Rey, A. M. and Ye, J.},
  month = sep,
  year = {2014},
  pages = {1467-1473},
  pmid = {25147278}
}

@article{bishof2011inelastic,
  title = {Inelastic collisions and density-dependent excitation suppression in a ${}^{87}$Sr optical lattice clock},
  volume = {84},
  number = {5},
  journal = {Physical Review A},
  doi = {10/frvrnp},
  author = {Bishof, M. and Martin, M. J. and Swallows, M. D. and Benko, C. and Lin, Y. and Quéméner, G. and Rey, A. M. and Ye, J.},
  month = nov,
  year = {2011},
  pages = {052716}
}

@article{ye2008quantum,
  title = {Quantum {{State Engineering}} and {{Precision Metrology Using State}}-{{Insensitive Light Traps}}},
  volume = {320},
  issn = {0036-8075, 1095-9203},
  doi = {10/dm93xj},
  number = {5884},
  journal = {Science},
  author = {Ye, Jun and Kimble, H. J. and Katori, Hidetoshi},
  month = jun,
  year = {2008},
  pages = {1734-1738},
  pmid = {18583603}
}

@article{martin2013quantum,
  title = {A {{Quantum Many}}-{{Body Spin System}} in an {{Optical Lattice Clock}}},
  volume = {341},
  issn = {0036-8075, 1095-9203},
  doi = {10/nd3},
  number = {6146},
  journal = {Science},
  author = {Martin, M. J. and Bishof, M. and Swallows, M. D. and Zhang, X. and Benko, C. and {von-Stecher}, J. and Gorshkov, A. V. and Rey, A. M. and Ye, Jun},
  month = aug,
  year = {2013},
  pages = {632-636}
}

@article{smale2019observation,
  title = {Observation of a Transition between Dynamical Phases in a Quantum Degenerate {{Fermi}} Gas},
  volume = {5},
  issn = {2375-2548},
  number = {8},
  journal = {Science Advances},
  doi = {10/gf6484},
  author = {Smale, Scott and He, Peiru and Olsen, Ben A. and Jackson, Kenneth G. and Sharum, Haille and Trotzky, Stefan and Marino, Jamir and Rey, Ana Maria and Thywissen, Joseph H.},
  month = aug,
  year = {2019},
  pages = {eaax1568}
}

@article{polkovnikov2010phase,
  title = {Phase Space Representation of Quantum Dynamics},
  volume = {325},
  issn = {0003-4916},
  number = {8},
  journal = {Annals of Physics},
  doi = {10/cdxf8v},
  author = {Polkovnikov, Anatoli},
  month = aug,
  year = {2010},
  pages = {1790-1852}
}

@article{schachenmayer2015manybody,
  title = {Many-{{Body Quantum Spin Dynamics}} with {{Monte Carlo Trajectories}} on a {{Discrete Phase Space}}},
  volume = {5},
  number = {1},
  journal = {Physical Review X},
  doi = {10/gcsjfm},
  author = {Schachenmayer, J. and Pikovski, A. and Rey, A. M.},
  month = feb,
  year = {2015},
  pages = {011022}
}

@article{schleier-smith2010states,
  title = {States of an {{Ensemble}} of {{Two}}-{{Level Atoms}} with {{Reduced Quantum Uncertainty}}},
  volume = {104},
  number = {7},
  journal = {Physical Review Letters},
  doi = {10/fdv6mj},
  author = {{Schleier-Smith}, Monika H. and Leroux, Ian D. and Vuleti{\'c}, Vladan},
  month = feb,
  year = {2010},
  pages = {073604}
}

@article{campbell2009probing,
  title = {Probing {{Interactions Between Ultracold Fermions}}},
  volume = {324},
  issn = {0036-8075, 1095-9203},
  doi = {10/d5bhdj},
  number = {5925},
  journal = {Science},
  author = {Campbell, G. K. and Boyd, M. M. and Thomsen, J. W. and Martin, M. J. and Blatt, S. and Swallows, M. D. and Nicholson, T. L. and Fortier, T. and Oates, C. W. and Diddams, S. A. and Lemke, N. D. and Naidon, P. and Julienne, P. and Ye, Jun and Ludlow, A. D.},
  month = apr,
  year = {2009},
  pages = {360-363},
  pmid = {19372424}
}

@article{bromley2018dynamics,
  title = {Dynamics of Interacting Fermions under Spin\textendash{}Orbit Coupling in an Optical Lattice Clock},
  volume = {14},
  issn = {1745-2481},
  doi = {10/gcwbtg},
  number = {4},
  journal = {Nature Physics},
  author = {Bromley, S. L. and Kolkowitz, S. and Bothwell, T. and Kedar, D. and {Safavi-Naini}, A. and Wall, M. L. and Salomon, C. and Rey, A. M. and Ye, J.},
  month = apr,
  year = {2018},
  pages = {399-404}
}

@article{rey2014probing,
  title = {Probing Many-Body Interactions in an Optical Lattice Clock},
  volume = {340},
  issn = {0003-4916},
  doi = {10/f5n6ph},
  number = {1},
  journal = {Annals of Physics},
  author = {Rey, A. M. and Gorshkov, A. V. and Kraus, C. V. and Martin, M. J. and Bishof, M. and Swallows, M. D. and Zhang, X. and Benko, C. and Ye, J. and Lemke, N. D. and Ludlow, A. D.},
  month = jan,
  year = {2014},
  pages = {311-351}
}

@article{kitagawa1993squeezed,
  title = {Squeezed Spin States},
  volume = {47},
  doi = {10/ccbxnv},
  number = {6},
  journal = {Physical Review A},
  author = {Kitagawa, Masahiro and Ueda, Masahito},
  month = jun,
  year = {1993},
  pages = {5138-5143}
}

@article{ma2011quantum,
  title = {Quantum Spin Squeezing},
  volume = {509},
  issn = {0370-1573},
  doi = {10/fnptvd},
  number = {2},
  journal = {Physics Reports},
  author = {Ma, Jian and Wang, Xiaoguang and Sun, C. P. and Nori, Franco},
  month = dec,
  year = {2011},
  pages = {89-165}
}

@article{itano1993quantum,
  title = {Quantum Projection Noise: {{Population}} Fluctuations in Two-Level Systems},
  volume = {47},
  issn = {1050-2947, 1094-1622},
  shorttitle = {Quantum Projection Noise},
  doi = {10/c9q26q},
  number = {5},
  journal = {Physical Review A},
  author = {Itano, W. M. and Bergquist, J. C. and Bollinger, J. J. and Gilligan, J. M. and Heinzen, D. J. and Moore, F. L. and Raizen, M. G. and Wineland, D. J.},
  month = may,
  year = {1993},
  pages = {3554-3570}
}

@article{barber2006direct,
  title = {Direct Excitation of the Forbidden Clock Transition in Neutral $^{174}\mathrm{Yb}$ Atoms Confined to an Optical Lattice},
  volume = {96},
  doi = {10/bjgnfn},
  number = {8},
  journal = {Physical Review Letters},
  author = {Barber, Z. W. and Hoyt, C. W. and Oates, C. W. and Hollberg, L. and Taichenachev, A. V. and Yudin, V. I.},
  month = mar,
  year = {2006},
  pages = {083002}
}

@article{takamoto2003spectroscopy,
  title = {Spectroscopy of the ${}^1S_0$-${}^3P_0$ Clock Transition of $^{87}$Sr in an Optical Lattice},
  volume = {91},
  doi = {10/fq6wtj},
  number = {22},
  journal = {Physical Review Letters},
  author = {Takamoto, Masao and Katori, Hidetoshi},
  month = nov,
  year = {2003},
  pages = {223001}
}

@article{kessler2012sub40mhzlinewidth,
  title = {A Sub-40-{{mHz}}-Linewidth Laser Based on a Silicon Single-Crystal Optical Cavity},
  volume = {6},
  issn = {1749-4893},
  doi = {10/f4b3c7},
  number = {10},
  journal = {Nature Photonics},
  author = {Kessler, T. and Hagemann, C. and Grebing, C. and Legero, T. and Sterr, U. and Riehle, F. and Martin, M. J. and Chen, L. and Ye, J.},
  month = oct,
  year = {2012},
  pages = {687-692}
}

@article{cole2013tenfold,
  title = {Tenfold Reduction of {{Brownian}} Noise in High-Reflectivity Optical Coatings},
  volume = {7},
  issn = {1749-4893},
  doi = {10/f3sqm2},
  number = {8},
  journal = {Nature Photonics},
  author = {Cole, Garrett D. and Zhang, Wei and Martin, Michael J. and Ye, Jun and Aspelmeyer, Markus},
  month = aug,
  year = {2013},
  pages = {644-650}
}

@article{wineland1992spin,
  title = {Spin Squeezing and Reduced Quantum Noise in Spectroscopy},
  volume = {46},
  issn = {1050-2947, 1094-1622},
  doi = {10/czfkmh},
  number = {11},
  journal = {Physical Review A},
  author = {Wineland, D. J. and Bollinger, J. J. and Itano, W. M. and Moore, F. L. and Heinzen, D. J.},
  month = dec,
  year = {1992},
  pages = {R6797-R6800}
}

@article{marti2018imaging,
  title = {Imaging Optical Frequencies with $100\text{ }\text{ }\ensuremath{\mu}\mathrm{Hz}$ Precision and $1.1\text{ }\text{ }\ensuremath{\mu}\mathrm{m}$ Resolution},
  volume = {120},
  doi = {10/gc5sj2},
  number = {10},
  journal = {Physical Review Letters},
  author = {Marti, G. E. and Hutson, Ross B. and Goban, Akihisa and Campbell, Sara L. and Poli, Nicola and Ye, Jun},
  month = mar,
  year = {2018},
  pages = {103201}
}

@article{livi2016synthetic,
  title = {Synthetic {{Dimensions}} and {{Spin}}-{{Orbit Coupling}} with an {{Optical Clock Transition}}},
  volume = {117},
  doi = {10/gddjr6},
  number = {22},
  journal = {Physical Review Letters},
  author = {Livi, L. F. and Cappellini, G. and Diem, M. and Franchi, L. and Clivati, C. and Frittelli, M. and Levi, F. and Calonico, D. and Catani, J. and Inguscio, M. and Fallani, L.},
  month = nov,
  year = {2016},
  pages = {220401}
}

@article{esslinger2010fermihubbard,
  title = {Fermi-{{Hubbard Physics}} with {{Atoms}} in an {{Optical Lattice}}},
  volume = {1},
  doi = {10/dm89x5},
  number = {1},
  journal = {Annual Review of Condensed Matter Physics},
  author = {Esslinger, Tilman},
  year = {2010},
  pages = {129-152}
}

@article{norcia2018cavitymediated,
  title = {Cavity-Mediated Collective Spin-Exchange Interactions in a Strontium Superradiant Laser},
  volume = {361},
  issn = {0036-8075, 1095-9203},
  doi = {10/gdztq4},
  number = {6399},
  journal = {Science},
  author = {Norcia, Matthew A. and {Lewis-Swan}, Robert J. and Cline, Julia R. K. and Zhu, Bihui and Rey, Ana M. and Thompson, James K.},
  month = jul,
  year = {2018},
  pages = {259-262},
  pmid = {30026222}
}

@article{mancini2015observation,
  title = {Observation of Chiral Edge States with Neutral Fermions in Synthetic {{Hall}} Ribbons},
  volume = {349},
  issn = {0036-8075, 1095-9203},
  doi = {10/f7r2nm},
  number = {6255},
  journal = {Science},
  author = {Mancini, M. and Pagano, G. and Cappellini, G. and Livi, L. and Rider, M. and Catani, J. and Sias, C. and Zoller, P. and Inguscio, M. and Dalmonte, M. and Fallani, L.},
  month = sep,
  year = {2015},
  pages = {1510-1513},
  pmid = {26404829}
}

@article{goban2018emergence,
  title = {Emergence of Multi-Body Interactions in a Fermionic Lattice Clock},
  volume = {563},
  issn = {1476-4687},
  doi = {10/gfgqn2},
  number = {7731},
  journal = {Nature},
  author = {Goban, A. and Hutson, R. B. and Marti, G. E. and Campbell, S. L. and Perlin, M. A. and Julienne, P. S. and D'Incao, J. P. and Rey, A. M. and Ye, J.},
  month = nov,
  year = {2018},
  pages = {369}
}

@article{carr1954effects,
  title = {Effects of {{Diffusion}} on {{Free Precession}} in {{Nuclear Magnetic Resonance Experiments}}},
  volume = {94},
  doi = {10/bvc3gn},
  number = {3},
  journal = {Physical Review},
  author = {Carr, H. Y. and Purcell, E. M.},
  month = may,
  year = {1954},
  pages = {630-638}
}

@article{meiboom1958modified,
  title = {Modified {{Spin}}-{{Echo Method}} for {{Measuring Nuclear Relaxation Times}}},
  volume = {29},
  issn = {0034-6748},
  doi = {10/bpbmdq},
  number = {8},
  journal = {Review of Scientific Instruments},
  author = {Meiboom, S. and Gill, D.},
  month = aug,
  year = {1958},
  pages = {688-691}
}

@article{maudsley1986modified,
  title = {Modified {{Carr}}-{{Purcell}}-{{Meiboom}}-{{Gill}} Sequence for {{NMR}} Fourier Imaging Applications},
  volume = {69},
  issn = {0022-2364},
  doi = {10/c98rt5},
  number = {3},
  journal = {Journal of Magnetic Resonance (1969)},
  author = {Maudsley, A. A},
  month = oct,
  year = {1986},
  pages = {488-491}
}

@article{gullion1990new,
  title = {New, Compensated {{Carr}}-{{Purcell}} Sequences},
  volume = {89},
  issn = {0022-2364},
  doi = {10/d75zgj},
  number = {3},
  journal = {Journal of Magnetic Resonance (1969)},
  author = {Gullion, Terry and Baker, David B and Conradi, Mark S},
  month = oct,
  year = {1990},
  pages = {479-484}
}

@article{safronova2018search,
  title = {Search for New Physics with Atoms and Molecules},
  volume = {90},
  doi = {10/gdsgkx},
  number = {2},
  journal = {Reviews of Modern Physics},
  author = {Safronova, M. S. and Budker, D. and DeMille, D. and Kimball, Derek F. Jackson and Derevianko, A. and Clark, Charles W.},
  month = jun,
  year = {2018},
  pages = {025008}
}

@article{rey2008manybody,
  title = {Many-Body Protected Entanglement Generation in Interacting Spin Systems},
  volume = {77},
  doi = {10/fhr89z},
  number = {5},
  journal = {Physical Review A},
  author = {Rey, A. M. and Jiang, L. and Fleischhauer, M. and Demler, E. and Lukin, M. D.},
  month = may,
  year = {2008},
  pages = {052305}
}

@article{degen2017quantum,
  title = {Quantum Sensing},
  volume = {89},
  doi = {10/gcpdcv},
  number = {3},
  journal = {Reviews of Modern Physics},
  author = {Degen, C. L. and Reinhard, F. and Cappellaro, P.},
  month = jul,
  year = {2017},
  pages = {035002}
}

@article{mcgrew2018atomic,
  title = {Atomic Clock Performance Enabling Geodesy below the Centimetre Level},
  volume = {564},
  issn = {1476-4687},
  doi = {10/gfkk3j},
  number = {7734},
  journal = {Nature},
  author = {McGrew, W. F. and Zhang, X. and Fasano, R. J. and Sch\"affer, S. A. and Beloy, K. and Nicolodi, D. and Brown, R. C. and Hinkley, N. and Milani, G. and Schioppo, M. and Yoon, T. H. and Ludlow, A. D.},
  month = dec,
  year = {2018},
  pages = {87}
}

@article{brown2017spinimbalance,
  title = {Spin-Imbalance in a {{2D Fermi}}-{{Hubbard}} System},
  volume = {357},
  issn = {0036-8075, 1095-9203},
  doi = {10/gb26js},
  number = {6358},
  journal = {Science},
  author = {Brown, Peter T. and Mitra, Debayan and {Guardado-Sanchez}, Elmer and Schau\ss, Peter and Kondov, Stanimir S. and Khatami, Ehsan and Paiva, Thereza and Trivedi, Nandini and Huse, David A. and Bakr, Waseem S.},
  month = sep,
  year = {2017},
  pages = {1385-1388},
  pmid = {28963252}
}

@article{dorscher2018latticeinduced,
  title = {Lattice-Induced Photon Scattering in an Optical Lattice Clock},
  volume = {97},
  doi = {10/gdqc65},
  number = {6},
  journal = {Physical Review A},
  author = {D\"orscher, S\"oren and Schwarz, Roman and {Al-Masoudi}, Ali and Falke, Stephan and Sterr, Uwe and Lisdat, Christian},
  month = jun,
  year = {2018},
  pages = {063419}
}

@article{matei2017mu,
  title = {$1.5~\mu$m Lasers with Sub-10 mHz Linewidth},
  volume = {118},
  doi = {10/b9dg},
  number = {26},
  journal = {Physical Review Letters},
  author = {Matei, D. G. and Legero, T. and H\"afner, S. and Grebing, C. and Weyrich, R. and Zhang, W. and Sonderhouse, L. and Robinson, J. M. and Ye, J. and Riehle, F. and Sterr, U.},
  month = jun,
  year = {2017},
  pages = {263202}
}

@article{hutson2019engineering,
  archivePrefix = {arXiv},
  primaryClass = {cond-mat, physics:physics},
  title = {Engineering {{Quantum States}} of {{Matter}} for {{Atomic Clocks}} in {{Shallow Optical Lattices}}},
  journal = {arXiv:1903.02498 [cond-mat, physics:physics]},
  author = {Hutson, Ross B. and Goban, Akihisa and Marti, G. Edward and Ye, Jun},
  month = mar,
  year = {2019}
}

@article{eisert2015quantum,
  title = {Quantum Many-Body Systems out of Equilibrium},
  volume = {11},
  issn = {1745-2481},
  doi = {10/gddjfq},
  number = {2},
  journal = {Nature Physics},
  author = {Eisert, J. and Friesdorf, M. and Gogolin, C.},
  month = feb,
  year = {2015},
  pages = {124-130}
}

@article{bloch2008manybody,
  title = {Many-Body Physics with Ultracold Gases},
  volume = {80},
  doi = {10/d32c2r},
  number = {3},
  journal = {Reviews of Modern Physics},
  author = {Bloch, Immanuel and Dalibard, Jean and Zwerger, Wilhelm},
  month = jul,
  year = {2008},
  pages = {885-964}
}

@article{gross2017quantum,
  title = {Quantum Simulations with Ultracold Atoms in Optical Lattices},
  volume = {357},
  issn = {0036-8075, 1095-9203},
  doi = {10/gbwzsz},
  number = {6355},
  journal = {Science},
  author = {Gross, Christian and Bloch, Immanuel},
  month = sep,
  year = {2017},
  pages = {995-1001},
  pmid = {28883070}
}

@article{rey2005ultracold,
  title = {Ultracold Atoms Confined in an Optical Lattice plus Parabolic Potential: {{A}} Closed-Form Approach},
  volume = {72},
  shorttitle = {Ultracold Atoms Confined in an Optical Lattice plus Parabolic Potential},
  number = {3},
  journal = {Physical Review A},
  doi = {10/bzfnmd},
  author = {Rey, Ana Maria and Pupillo, Guido and Clark, Charles W. and Williams, Carl J.},
  month = sep,
  year = {2005},
  pages = {033616}
}

@article{pupillo2006extended,
  title = {Extended Fermionization of {{1D}} Bosons in Optical Lattices},
  volume = {8},
  issn = {1367-2630},
  number = {8},
  journal = {New Journal of Physics},
  doi = {10/cqfsg4},
  author = {Pupillo, Guido and Rey, Ana Maria and Williams, Carl J. and Clark, Charles W.},
  month = aug,
  year = {2006},
  pages = {161--161}
}
