@article{rico2018nuclear,
  title = {{{SO}}(3) ``{{Nuclear Physics}}'' with Ultracold {{Gases}}},
  volume = {393},
  issn = {0003-4916},
  doi = {10/gc8sgf},
  url = {http://www.sciencedirect.com/science/article/pii/S0003491618300757},
  journal = {Annals of Physics},
  author = {Rico, E. and Dalmonte, M. and Zoller, P. and Banerjee, D. and B{\"o}gli, M. and Stebler, P. and Wiese, U. -J.},
  month = jun,
  year = {2018},
  keywords = {Lattice gauge theories,Quantum simulation,Ultracold atoms},
  pages = {466-483}
}

@article{goban2018emergence,
  archivePrefix = {arXiv},
  eprinttype = {arxiv},
  eprint = {1803.11282},
  title = {Emergence of Multi-Body Interactions in Few-Atom Sites of a Fermionic Lattice Clock},
  url = {http://arxiv.org/abs/1803.11282},
  author = {Goban, A. and Hutson, R. B. and Marti, G. E. and Campbell, S. L. and Perlin, M. A. and Julienne, P. S. and D'Incao, J. P. and Rey, A. M. and Ye, J.},
  month = mar,
  year = {2018},
  keywords = {Condensed Matter - Quantum Gases,Physics - Atomic Physics,Quantum Physics}
}

@article{hermele2011topological,
  title = {Topological liquids and valence cluster states in two-dimensional $\mathrm{SU}(N)$ magnets},
  volume = {84},
  doi = {10/cf6tnf},
  number = {17},
  url = {https://link.aps.org/doi/10.1103/PhysRevB.84.174441},
  journal = {Physical Review B},
  author = {Hermele, Michael and Gurarie, Victor},
  month = nov,
  year = {2011},
  pages = {174441}
}
