@article{swallows2011suppression,
  title = {Suppression of {{Collisional Shifts}} in a {{Strongly Interacting Lattice Clock}}},
  volume = {331},
  copyright = {Copyright \textcopyright{} 2011, American Association for the Advancement of Science},
  issn = {0036-8075, 1095-9203},
  doi = {10/cb9h44},
  number = {6020},
  url = {http://science.sciencemag.org/content/331/6020/1043},
  journal = {Science},
  author = {Swallows, Matthew D. and Bishof, Michael and Lin, Yige and Blatt, Sebastian and Martin, Michael J. and Rey, Ana Maria and Ye, Jun},
  month = feb,
  year = {2011},
  pages = {1043-1046},
  pmid = {21292940}
}

@article{bravyi2011schrieffer,
  title = {Schrieffer\textendash{{Wolff}} Transformation for Quantum Many-Body Systems},
  volume = {326},
  issn = {0003-4916},
  doi = {10/dgh394},
  number = {10},
  url = {http://www.sciencedirect.com/science/article/pii/S0003491611001059},
  journal = {Annals of Physics},
  author = {Bravyi, Sergey and DiVincenzo, David P. and Loss, Daniel},
  month = oct,
  year = {2011},
  keywords = {Canonical transformation,Perturbative expansion,Quantum many-body system},
  pages = {2793-2826}
}

@article{huang2015twoaxis,
  title = {Two-Axis Spin Squeezing of Two-Component {{Bose}}-{{Einstein}} Condensates via Continuous Driving},
  volume = {91},
  doi = {10/gdg5mk},
  number = {4},
  url = {https://link.aps.org/doi/10.1103/PhysRevA.91.043642},
  journal = {Physical Review A},
  author = {Huang, Wen and Zhang, Yan-Lei and Zou, Chang-Ling and Zou, Xu-Bo and Guo, Guang-Can},
  month = apr,
  year = {2015},
  pages = {043642}
}

@article{liu2011spin,
  title = {Spin {{Squeezing}}: {{Transforming One}}-{{Axis Twisting}} into {{Two}}-{{Axis Twisting}}},
  volume = {107},
  shorttitle = {Spin {{Squeezing}}},
  doi = {10/dw3w4s},
  number = {1},
  url = {https://link.aps.org/doi/10.1103/PhysRevLett.107.013601},
  journal = {Physical Review Letters},
  author = {Liu, Y. C. and Xu, Z. F. and Jin, G. R. and You, L.},
  month = jun,
  year = {2011},
  pages = {013601}
}

@article{hu2017vacuum,
  title = {Vacuum Spin Squeezing},
  volume = {96},
  doi = {10/gdg5mh},
  number = {5},
  url = {https://link.aps.org/doi/10.1103/PhysRevA.96.050301},
  journal = {Physical Review A},
  author = {Hu, Jiazhong and Chen, Wenlan and Vendeiro, Zachary and Urvoy, Alban and Braverman, Boris and Vuleti\'c, Vladan},
  month = nov,
  year = {2017},
  pages = {050301}
}
