@article{bravyi2011schrieffer,
  title = {Schrieffer\textendash{}{{Wolff}} Transformation for Quantum Many-Body Systems},
  volume = {326},
  issn = {0003-4916},
  doi = {10/dgh394},
  number = {10},
  url = {http://www.sciencedirect.com/science/article/pii/S0003491611001059},
  journal = {Annals of Physics},
  author = {Bravyi, Sergey and DiVincenzo, David P. and Loss, Daniel},
  month = oct,
  year = {2011},
  keywords = {Canonical transformation,Perturbative expansion,Quantum many-body system},
  pages = {2793--2826}
}

@article{chin2010feshbach,
  title = {Feshbach Resonances in Ultracold Gases},
  volume = {82},
  doi = {10/fmvjms},
  number = {2},
  url = {https://link.aps.org/doi/10.1103/RevModPhys.82.1225},
  journal = {Reviews of Modern Physics},
  author = {Chin, Cheng and Grimm, Rudolf and Julienne, Paul and Tiesinga, Eite},
  month = apr,
  year = {2010},
  pages = {1225--1286}
}

@article{gorshkov2010twoorbital,
  title = {Two-orbital SU($N$) magnetism with ultracold alkaline-earth atoms},
  volume = {6},
  copyright = {2010 Nature Publishing Group},
  issn = {1745-2481},
  doi = {10/bs39f6},
  number = {4},
  url = {https://www.nature.com/articles/nphys1535},
  journal = {Nature Physics},
  author = {Gorshkov, A. V. and Hermele, M. and Gurarie, V. and Xu, C. and Julienne, P. S. and Ye, J. and Zoller, P. and Demler, E. and Lukin, M. D. and Rey, A. M.},
  month = apr,
  year = {2010},
  pages = {289}
}

@article{zhang2014spectroscopic,
  title = {Spectroscopic observation of $\mathrm{SU}(N)$-symmetric interactions in Sr orbital magnetism},
  volume = {345},
  copyright = {Copyright © 2014, American Association for the Advancement of Science},
  issn = {0036-8075, 1095-9203},
  doi = {10/vgk},
  number = {6203},
  url = {http://science.sciencemag.org/content/345/6203/1467},
  journal = {Science},
  author = {Zhang, X. and Bishof, M. and Bromley, S. L. and Kraus, C. V. and Safronova, M. S. and Zoller, P. and Rey, A. M. and Ye, J.},
  month = sep,
  year = {2014},
  pages = {1467-1473},
  pmid = {25147278}
}

@article{martin2013quantum,
  title = {A {{Quantum Many}}-{{Body Spin System}} in an {{Optical Lattice Clock}}},
  volume = {341},
  copyright = {Copyright \textcopyright{} 2013, American Association for the Advancement of Science},
  issn = {0036-8075, 1095-9203},
  doi = {10/nd3},
  number = {6146},
  url = {http://science.sciencemag.org/content/341/6146/632},
  journal = {Science},
  author = {Martin, M. J. and Bishof, M. and Swallows, M. D. and Zhang, X. and Benko, C. and {von-Stecher}, J. and Gorshkov, A. V. and Rey, A. M. and Ye, Jun},
  month = aug,
  year = {2013},
  pages = {632--636},
  pmid = {23929976}
}

@article{will2010timeresolved,
  title = {Time-Resolved Observation of Coherent Multi-Body Interactions in Quantum Phase Revivals},
  volume = {465},
  copyright = {2010 Nature Publishing Group},
  issn = {1476-4687},
  doi = {10/fnrffm},
  number = {7295},
  url = {https://www.nature.com/articles/nature09036},
  journal = {Nature},
  author = {Will, Sebastian and Best, Thorsten and Schneider, Ulrich and Hackerm{\"u}ller, Lucia and L{\"u}hmann, Dirk-S{\"o}ren and Bloch, Immanuel},
  month = may,
  year = {2010},
  pages = {197}
}

@article{mark2011precision,
  title = {Precision {{Measurements}} on a {{Tunable Mott Insulator}} of {{Ultracold Atoms}}},
  volume = {107},
  doi = {10/bw8jh5},
  number = {17},
  url = {https://link.aps.org/doi/10.1103/PhysRevLett.107.175301},
  journal = {Physical Review Letters},
  author = {Mark, M. J. and Haller, E. and Lauber, K. and Danzl, J. G. and Daley, A. J. and N{\"a}gerl, H.-C.},
  month = oct,
  year = {2011},
  pages = {175301}
}

@article{chen2016syntheticgaugefield,
  title = {Synthetic-Gauge-Field Stabilization of the Chiral-Spin-Liquid Phase},
  volume = {93},
  doi = {10/gcsjf9},
  number = {6},
  url = {https://link.aps.org/doi/10.1103/PhysRevA.93.061601},
  journal = {Physical Review A},
  author = {Chen, Gang and Hazzard, Kaden R. A. and Rey, Ana Maria and Hermele, Michael},
  month = jun,
  year = {2016},
  pages = {061601}
}

@article{cazalilla2014ultracold,
  title = {Ultracold {{Fermi}} Gases with Emergent \$$\backslash$mathrm\{\vphantom\}{{SU}}\vphantom\{\}({{N}})\$  Symmetry},
  volume = {77},
  issn = {0034-4885},
  doi = {10/gcsjfd},
  number = {12},
  url = {http://stacks.iop.org/0034-4885/77/i=12/a=124401},
  journal = {Reports on Progress in Physics},
  author = {Cazalilla, Miguel A. and Rey, Ana Maria},
  year = {2014},
  pages = {124401}
}

@article{gorshkov2009alkalineearthmetal,
  title = {Alkaline-{{Earth}}-{{Metal Atoms}} as {{Few}}-{{Qubit Quantum Registers}}},
  volume = {102},
  doi = {10/cj3dqn},
  number = {11},
  url = {https://link.aps.org/doi/10.1103/PhysRevLett.102.110503},
  journal = {Physical Review Letters},
  author = {Gorshkov, A. V. and Rey, A. M. and Daley, A. J. and Boyd, M. M. and Ye, J. and Zoller, P. and Lukin, M. D.},
  month = mar,
  year = {2009},
  pages = {110503}
}

@article{campbell2017fermidegenerate,
  title = {A {{Fermi}}-Degenerate Three-Dimensional Optical Lattice Clock},
  volume = {358},
  copyright = {Copyright \textcopyright{} 2017 The Authors, some rights reserved; exclusive licensee American Association for the Advancement of Science. No claim to original U.S. Government Works. http://www.sciencemag.org/about/science-licenses-journal-article-reuseThis is an article distributed under the terms of the Science Journals Default License.},
  issn = {0036-8075, 1095-9203},
  doi = {10/cdwx},
  number = {6359},
  url = {http://science.sciencemag.org/content/358/6359/90},
  journal = {Science},
  author = {Campbell, S. L. and Hutson, R. B. and Marti, G. E. and Goban, A. and Oppong, N. Darkwah and McNally, R. L. and Sonderhouse, L. and Robinson, J. M. and Zhang, W. and Bloom, B. J. and Ye, J.},
  month = oct,
  year = {2017},
  pages = {90--94},
  pmid = {28983047}
}

@article{johnson2009effective,
  title = {Effective Three-Body Interactions of Neutral Bosons in Optical Lattices},
  volume = {11},
  issn = {1367-2630},
  doi = {10/dsfdff},
  number = {9},
  url = {http://stacks.iop.org/1367-2630/11/i=9/a=093022},
  journal = {New Journal of Physics},
  author = {Johnson, P. R. and Tiesinga, E. and Porto, J. V. and Williams, C. J.},
  year = {2009},
  pages = {093022}
}

@article{johnson2012effective,
  title = {Effective Renormalized Multi-Body Interactions of Harmonically Confined Ultracold Neutral Bosons},
  volume = {14},
  issn = {1367-2630},
  doi = {10/gcsjc5},
  number = {5},
  url = {http://stacks.iop.org/1367-2630/14/i=5/a=053037},
  journal = {New Journal of Physics},
  author = {Johnson, P. R. and Blume, D. and Yin, X. Y. and Flynn, W. F. and Tiesinga, E.},
  year = {2012},
  pages = {053037}
}

@article{cappellini2014direct,
  title = {Direct {{Observation}} of {{Coherent Interorbital Spin}}-{{Exchange Dynamics}}},
  volume = {113},
  doi = {10/gcsjd2},
  number = {12},
  url = {https://link.aps.org/doi/10.1103/PhysRevLett.113.120402},
  journal = {Physical Review Letters},
  author = {Cappellini, G. and Mancini, M. and Pagano, G. and Lombardi, P. and Livi, L. and {Siciliani de Cumis}, M. and Cancio, P. and Pizzocaro, M. and Calonico, D. and Levi, F. and Sias, C. and Catani, J. and Inguscio, M. and Fallani, L.},
  month = sep,
  year = {2014},
  pages = {120402}
}

@article{scazza2014observation,
  title = {Observation of two-orbital spin-exchange interactions with ultracold $\mathrm{SU}(N)$-symmetric fermions},
  volume = {10},
  copyright = {2014 Nature Publishing Group},
  issn = {1745-2481},
  doi = {10/gcsjd4},
  number = {10},
  url = {https://www.nature.com/articles/nphys3061},
  journal = {Nature Physics},
  author = {Scazza, F. and Hofrichter, C. and Höfer, M. and Groot, P. C. De and Bloch, I. and Fölling, S.},
  month = oct,
  year = {2014},
  pages = {779}
}

@article{katori2011optical,
  title = {Optical Lattice Clocks and Quantum Metrology},
  volume = {5},
  copyright = {2011 Nature Publishing Group},
  issn = {1749-4893},
  doi = {10/bdxpv2},
  number = {4},
  url = {https://www.nature.com/articles/nphoton.2011.45},
  journal = {Nature Photonics},
  author = {Katori, Hidetoshi},
  month = apr,
  year = {2011},
  pages = {203}
}

@article{busch1998two,
  title = {Two {{Cold Atoms}} in a {{Harmonic Trap}}},
  volume = {28},
  issn = {0015-9018, 1572-9516},
  doi = {10/ddv97b},
  number = {4},
  url = {https://link.springer.com/article/10.1023/A:1018705520999},
  journal = {Foundations of Physics},
  author = {Busch, Thomas and Englert, Berthold-Georg and Rza{\.z}ewski, Kazimierz and Wilkens, Martin},
  month = apr,
  year = {1998},
  pages = {549--559}
}

@article{zang2015generating,
  title = {Generating Multi-Atom Entangled {{W}} States via Light-Matter Interface Based Fusion Mechanism},
  volume = {5},
  copyright = {2015 Nature Publishing Group},
  issn = {2045-2322},
  doi = {10/f7wzjq},
  url = {https://www.nature.com/articles/srep16245},
  journal = {Scientific Reports},
  author = {Zang, Xue-Ping and Yang, Ming and Ozaydin, Fatih and Song, Wei and Cao, Zhuo-Liang},
  month = nov,
  year = {2015},
  pages = {16245}
}

@article{hermele2009mott,
  title = {Mott {{Insulators}} of {{Ultracold Fermionic Alkaline Earth Atoms}}: {{Underconstrained Magnetism}} and {{Chiral Spin Liquid}}},
  volume = {103},
  shorttitle = {Mott {{Insulators}} of {{Ultracold Fermionic Alkaline Earth Atoms}}},
  doi = {10/dg24db},
  number = {13},
  url = {https://link.aps.org/doi/10.1103/PhysRevLett.103.135301},
  journal = {Physical Review Letters},
  author = {Hermele, Michael and Gurarie, Victor and Rey, Ana Maria},
  month = sep,
  year = {2009},
  pages = {135301}
}

@article{hermele2011topological,
  title = {Topological liquids and valence cluster states in two-dimensional $\mathrm{SU}(N)$ magnets},
  volume = {84},
  doi = {10/cf6tnf},
  number = {17},
  url = {https://link.aps.org/doi/10.1103/PhysRevB.84.174441},
  journal = {Physical Review B},
  author = {Hermele, Michael and Gurarie, Victor},
  month = nov,
  year = {2011},
  pages = {174441}
}

@article{schrieffer1966relation,
  title = {Relation between the {{Anderson}} and {{Kondo Hamiltonians}}},
  volume = {149},
  doi = {10/bxzqbj},
  number = {2},
  url = {https://link.aps.org/doi/10.1103/PhysRev.149.491},
  journal = {Physical Review},
  author = {Schrieffer, J. R. and Wolff, P. A.},
  month = sep,
  year = {1966},
  pages = {491--492}
}

@article{davis1969new,
  title = {Some New Bounds on Perturbation of Subspaces},
  volume = {75},
  issn = {0002-9904, 1936-881X},
  doi = {10/dzk44s},
  number = {4},
  url = {http://www.ams.org/home/page/},
  journal = {Bulletin of the American Mathematical Society},
  author = {Davis, Chandler and Kahan, W. M.},
  year = {1969},
  pages = {863--868}
}

@article{tagliacozzo2013simulation,
  title = {Simulation of Non-{{Abelian}} Gauge Theories with Optical Lattices},
  volume = {4},
  copyright = {2013 Nature Publishing Group},
  issn = {2041-1723},
  doi = {10/gcw8t9},
  url = {https://www.nature.com/articles/ncomms3615},
  journal = {Nature Communications},
  author = {Tagliacozzo, L. and Celi, A. and Orland, P. and Mitchell, M. W. and Lewenstein, M.},
  month = oct,
  year = {2013},
  pages = {2615}
}

@article{martinez2016realtime,
  title = {Real-Time Dynamics of Lattice Gauge Theories with a Few-Qubit Quantum Computer},
  volume = {534},
  copyright = {2016 Nature Publishing Group},
  issn = {1476-4687},
  doi = {10/f3s4q4},
  number = {7608},
  url = {https://www.nature.com/articles/nature18318},
  journal = {Nature},
  author = {Martinez, Esteban A. and Muschik, Christine A. and Schindler, Philipp and Nigg, Daniel and Erhard, Alexander and Heyl, Markus and Hauke, Philipp and Dalmonte, Marcello and Monz, Thomas and Zoller, Peter and Blatt, Rainer},
  month = jun,
  year = {2016},
  pages = {516--519}
}

@article{cazalilla2009ultracold,
  title = {Ultracold Gases of Ytterbium: Ferromagnetism and {{Mott}} States in an {{SU}}(6) {{Fermi}} System},
  volume = {11},
  issn = {1367-2630},
  shorttitle = {Ultracold Gases of Ytterbium},
  doi = {10.1088/1367-2630/11/10/103033},
  number = {10},
  url = {http://stacks.iop.org/1367-2630/11/i=10/a=103033},
  journal = {New Journal of Physics},
  author = {Cazalilla, M. A. and Ho, A. F. and Ueda, M.},
  year = {2009},
  pages = {103033}
}

@article{lee2008high,
  title = {From High Temperature Superconductivity to Quantum Spin Liquid: Progress in Strong Correlation Physics},
  volume = {71},
  issn = {0034-4885},
  shorttitle = {From High Temperature Superconductivity to Quantum Spin Liquid},
  doi = {10/cfm4cq},
  number = {1},
  url = {http://stacks.iop.org/0034-4885/71/i=1/a=012501},
  journal = {Reports on Progress in Physics},
  author = {Lee, Patrick A.},
  year = {2008},
  pages = {012501}
}

@article{meng2010quantum,
  title = {Quantum Spin Liquid Emerging in Two-Dimensional Correlated {{Dirac}} Fermions},
  volume = {464},
  copyright = {2010 Nature Publishing Group},
  issn = {1476-4687},
  doi = {10/cv24fx},
  number = {7290},
  url = {https://www.nature.com/articles/nature08942},
  journal = {Nature},
  author = {Meng, Z. Y. and Lang, T. C. and Wessel, S. and Assaad, F. F. and Muramatsu, A.},
  month = apr,
  year = {2010},
  pages = {847--851}
}

@article{gong2014emergent,
  title = {Emergent {{Chiral Spin Liquid}}: {{Fractional Quantum Hall Effect}} in a {{Kagome Heisenberg Model}}},
  volume = {4},
  copyright = {2014 Nature Publishing Group},
  issn = {2045-2322},
  shorttitle = {Emergent {{Chiral Spin Liquid}}},
  doi = {10/gcw8wt},
  url = {https://www.nature.com/articles/srep06317},
  journal = {Scientific Reports},
  author = {Gong, Shou-Shu and Zhu, Wei and Sheng, D. N.},
  month = sep,
  year = {2014},
  pages = {6317}
}

@article{anderlini2006controlled,
  title = {Controlled Atom Dynamics in a Double-Well Optical Lattice},
  volume = {39},
  issn = {0953-4075},
  doi = {10.1088/0953-4075/39/10/S19},
  number = {10},
  url = {http://stacks.iop.org/0953-4075/39/i=10/a=S19},
  journal = {Journal of Physics B: Atomic, Molecular and Optical Physics},
  author = {Anderlini, Marco and Sebby-Strabley, Jennifer and Kruse, Jens and Porto, James V. and Phillips, William D.},
  year = {2006},
  pages = {S199}
}

@article{banerjee2013atomic,
  title = {Atomic Quantum Simulation of $\mathbf{U}(N)$ and $\mathrm{SU}(N)$ Non-Abelian Lattice Gauge Theories},
  volume = {110},
  doi = {10/f3s3bt},
  number = {12},
  url = {https://link.aps.org/doi/10.1103/PhysRevLett.110.125303},
  journal = {Physical Review Letters},
  author = {Banerjee, D. and Bögli, M. and Dalmonte, M. and Rico, E. and Stebler, P. and Wiese, U.-J. and Zoller, P.},
  month = mar,
  year = {2013},
  pages = {125303}
}

@article{freedman2004class,
  title = {A Class of {{P}},{{T}}-Invariant Topological Phases of Interacting Electrons},
  volume = {310},
  issn = {0003-4916},
  doi = {10/d4vxvq},
  number = {2},
  url = {http://www.sciencedirect.com/science/article/pii/S0003491604000260},
  journal = {Annals of Physics},
  author = {Freedman, Michael and Nayak, Chetan and Shtengel, Kirill and Walker, Kevin and Wang, Zhenghan},
  month = apr,
  year = {2004},
  pages = {428--492}
}

@article{daley2011quantum,
  archivePrefix = {arXiv},
  eprinttype = {arxiv},
  eprint = {1106.5712},
  title = {Quantum {{Computing}} and {{Quantum Simulation}} with {{Group}}-{{II Atoms}}},
  volume = {10},
  issn = {1570-0755, 1573-1332},
  doi = {10/bgd723},
  number = {6},
  url = {http://arxiv.org/abs/1106.5712},
  journal = {Quantum Information Processing},
  author = {Daley, Andrew J.},
  month = dec,
  year = {2011},
  keywords = {Quantum Physics},
  pages = {865--884},
  annote = {Comment: 11 pages, 7 figures, review for special issue of "Quantum Information Processing" on "Quantum Information with Neutral Particles"}
}

@article{idziaszek2005two,
  title = {Two Atoms in an Anisotropic Harmonic Trap},
  volume = {71},
  doi = {10/b2x6dr},
  number = {5},
  url = {https://link.aps.org/doi/10.1103/PhysRevA.71.050701},
  journal = {Physical Review A},
  author = {Idziaszek, Z. and Calarco, T.},
  month = may,
  year = {2005},
  pages = {050701}
}

@article{buchler2010microscopic,
  title = {Microscopic {{Derivation}} of {{Hubbard Parameters}} for {{Cold Atomic Gases}}},
  volume = {104},
  doi = {10/ckshnp},
  number = {9},
  url = {https://link.aps.org/doi/10.1103/PhysRevLett.104.090402},
  journal = {Physical Review Letters},
  author = {B{\"u}chler, Hans Peter},
  month = mar,
  year = {2010},
  pages = {090402}
}

@article{wall2013strongly,
  title = {Strongly Interacting Fermions in an Optical Lattice},
  volume = {87},
  doi = {10/gcx422},
  number = {3},
  url = {https://link.aps.org/doi/10.1103/PhysRevA.87.033601},
  journal = {Physical Review A},
  author = {Wall, M. L. and Carr, L. D.},
  month = mar,
  year = {2013},
  pages = {033601}
}

@article{flambaum1999analytical,
  title = {Analytical Calculation of Cold-Atom Scattering},
  volume = {59},
  doi = {10/bjv6kh},
  number = {3},
  url = {https://link.aps.org/doi/10.1103/PhysRevA.59.1998},
  journal = {Physical Review A},
  author = {Flambaum, V. V. and Gribakin, G. F. and Harabati, C.},
  month = mar,
  year = {1999},
  pages = {1998--2005}
}

@article{brion2007adiabatic,
  title = {Adiabatic Elimination in a Lambda System},
  volume = {40},
  issn = {1751-8121},
  doi = {10/bfbx3m},
  number = {5},
  url = {http://stacks.iop.org/1751-8121/40/i=5/a=011},
  journal = {Journal of Physics A: Mathematical and Theoretical},
  author = {Brion, E. and Pedersen, L. H. and M{\o}lmer, K.},
  year = {2007},
  pages = {1033}
}

@article{reiter2012effective,
  title = {Effective Operator Formalism for Open Quantum Systems},
  volume = {85},
  doi = {10/gc6xq7},
  number = {3},
  url = {https://link.aps.org/doi/10.1103/PhysRevA.85.032111},
  journal = {Physical Review A},
  author = {Reiter, Florentin and S{\o}rensen, Anders S.},
  month = mar,
  year = {2012},
  pages = {032111}
}

@article{james2007effective,
  title = {Effective {{Hamiltonian}} Theory and Its Applications in Quantum Information},
  volume = {85},
  issn = {0008-4204},
  doi = {10/cx9g5f},
  number = {6},
  url = {http://www.nrcresearchpress.com/doi/abs/10.1139/p07-060},
  journal = {Canadian Journal of Physics},
  author = {James, D F and Jerke, J},
  month = jun,
  year = {2007},
  pages = {625--632}
}

@incollection{sanz2016adiabatic,
  series = {Mathematics for Industry},
  title = {Beyond {{Adiabatic Elimination}}: {{Effective Hamiltonians}} and {{Singular Perturbation}}},
  isbn = {978-4-431-55341-0 978-4-431-55342-7},
  shorttitle = {Beyond {{Adiabatic Elimination}}},
  url = {https://link.springer.com/chapter/10.1007/978-4-431-55342-7_12},
  booktitle = {Applications + {{Practical Conceptualization}} + {{Mathematics}} = Fruitful {{Innovation}}},
  publisher = {{Springer, Tokyo}},
  author = {Sanz, Mikel and Solano, Enrique and Egusquiza, {\'I}{\~n}igo L.},
  year = {2016},
  pages = {127-142},
  doi = {10.1007/978-4-431-55342-7_12}
}

@article{nist,
  title = {{{NIST Digital Library}} of {{Mathematical Functions}}},
  url = {http://dlmf.nist.gov/},
  key = {DLMF}
}

@article{dickerscheid2005feshbach,
  title = {Feshbach Resonances in an Optical Lattice},
  volume = {71},
  doi = {10/db2pdt},
  number = {4},
  url = {https://link.aps.org/doi/10.1103/PhysRevA.71.043604},
  journal = {Physical Review A},
  author = {Dickerscheid, D. B. M. and Al Khawaja, U. and {van Oosten}, D. and Stoof, H. T. C.},
  month = apr,
  year = {2005},
  pages = {043604}
}

@article{beane2007boson,
  title = {\$n\$-Boson Energies at Finite Volume and Three-Boson Interactions},
  volume = {76},
  doi = {10/c7scn7},
  number = {7},
  url = {https://link.aps.org/doi/10.1103/PhysRevD.76.074507},
  journal = {Physical Review D},
  author = {Beane, Silas R. and Detmold, William and Savage, Martin J.},
  month = oct,
  year = {2007},
  pages = {074507}
}

@article{blume2002fermi,
  title = {Fermi Pseudopotential Approximation: {{Two}} Particles under External Confinement},
  volume = {65},
  shorttitle = {Fermi Pseudopotential Approximation},
  doi = {10/bj8nxq},
  number = {4},
  url = {https://link.aps.org/doi/10.1103/PhysRevA.65.043613},
  journal = {Physical Review A},
  author = {Blume, D. and Greene, Chris H.},
  month = apr,
  year = {2002},
  pages = {043613}
}

@article{diener2006fermions,
  title = {Fermions in {{Optical Lattices Swept}} across {{Feshbach Resonances}}},
  volume = {96},
  doi = {10/bfv7zh},
  number = {1},
  url = {https://link.aps.org/doi/10.1103/PhysRevLett.96.010402},
  journal = {Physical Review Letters},
  author = {Diener, Roberto B. and Ho, Tin-Lun},
  month = jan,
  year = {2006},
  pages = {010402}
}

@article{goban2018emergence,
  title = {Emergence of Multi-Body Interactions in a Fermionic Lattice Clock},
  volume = {563},
  issn = {1476-4687},
  doi = {10/gfgqn2},
  number = {7731},
  journal = {Nature},
  author = {Goban, A. and Hutson, R. B. and Marti, G. E. and Campbell, S. L. and Perlin, M. A. and Julienne, P. S. and D'Incao, J. P. and Rey, A. M. and Ye, J.},
  month = nov,
  year = {2018},
  pages = {369}
}

@article{taie2012su,
  title = {An {{SU}}(6) {{Mott}} Insulator of an Atomic {{Fermi}} Gas Realized by Large-Spin {{Pomeranchuk}} Cooling},
  volume = {8},
  copyright = {2012 Nature Publishing Group},
  issn = {1745-2481},
  doi = {10/f4dp89},
  number = {11},
  url = {https://www.nature.com/articles/nphys2430},
  journal = {Nature Physics},
  author = {Taie, Shintaro and Yamazaki, Rekishu and Sugawa, Seiji and Takahashi, Yoshiro},
  month = nov,
  year = {2012},
  pages = {825--830}
}

@article{daley2008quantum,
  title = {Quantum {{Computing}} with {{Alkaline}}-{{Earth}}-{{Metal Atoms}}},
  volume = {101},
  doi = {10/dg5f6x},
  number = {17},
  url = {https://link.aps.org/doi/10.1103/PhysRevLett.101.170504},
  journal = {Physical Review Letters},
  author = {Daley, Andrew J. and Boyd, Martin M. and Ye, Jun and Zoller, Peter},
  month = oct,
  year = {2008},
  pages = {170504}
}

@article{fukuhara2007degenerate,
  title = {Degenerate {{Fermi Gases}} of {{Ytterbium}}},
  volume = {98},
  doi = {10/fw78wq},
  number = {3},
  url = {https://link.aps.org/doi/10.1103/PhysRevLett.98.030401},
  journal = {Physical Review Letters},
  author = {Fukuhara, Takeshi and Takasu, Yosuke and Kumakura, Mitsutaka and Takahashi, Yoshiro},
  month = jan,
  year = {2007},
  pages = {030401}
}

@article{desalvo2010degenerate,
  title = {Degenerate {{Fermi Gas}} of \$\^\{87\}$\backslash$mathrm\{\vphantom\}{{Sr}}\vphantom\{\}\$},
  volume = {105},
  doi = {10/dn98mj},
  number = {3},
  url = {https://link.aps.org/doi/10.1103/PhysRevLett.105.030402},
  journal = {Physical Review Letters},
  author = {DeSalvo, B. J. and Yan, M. and Mickelson, P. G. and {Martinez de Escobar}, Y. N. and Killian, T. C.},
  month = jul,
  year = {2010},
  pages = {030402}
}

@article{reichenbach2009controlling,
  title = {Controlling nuclear spin exchange via optical Feshbach resonances in $^{171}\text{Y}\text{b}$},
  volume = {80},
  doi = {10/bc3qzj},
  number = {2},
  url = {https://link.aps.org/doi/10.1103/PhysRevA.80.020701},
  journal = {Physical Review A},
  author = {Reichenbach, Iris and Julienne, Paul S. and Deutsch, Ivan H.},
  month = aug,
  year = {2009},
  pages = {020701}
}

@article{harada2013possibility,
  title = {Possibility of Deconfined Criticality in {{SU}}(\${{N}}\$) {{Heisenberg}} Models at Small \${{N}}\$},
  volume = {88},
  doi = {10/gc8sfr},
  number = {22},
  url = {https://link.aps.org/doi/10.1103/PhysRevB.88.220408},
  journal = {Physical Review B},
  author = {Harada, Kenji and Suzuki, Takafumi and Okubo, Tsuyoshi and Matsuo, Haruhiko and Lou, Jie and Watanabe, Hiroshi and Todo, Synge and Kawashima, Naoki},
  month = dec,
  year = {2013},
  pages = {220408}
}

@article{kaul2012lattice,
  title = {Lattice Model for the $\mathrm{SU}(N)$ N\'eel to Valence-Bond Solid Quantum Phase Transition at Large $N$},
  volume = {108},
  doi = {10/gc8sfw},
  number = {13},
  url = {https://link.aps.org/doi/10.1103/PhysRevLett.108.137201},
  journal = {Physical Review Letters},
  author = {Kaul, Ribhu K. and Sandvik, Anders W.},
  month = mar,
  year = {2012},
  pages = {137201}
}

@article{senthil2004deconfined,
  title = {Deconfined {{Quantum Critical Points}}},
  volume = {303},
  copyright = {American Association for the Advancement of Science},
  issn = {0036-8075, 1095-9203},
  doi = {10/c7595d},
  number = {5663},
  url = {http://science.sciencemag.org/content/303/5663/1490},
  journal = {Science},
  author = {Senthil, T. and Vishwanath, Ashvin and Balents, Leon and Sachdev, Subir and Fisher, Matthew P. A.},
  month = mar,
  year = {2004},
  pages = {1490--1494},
  pmid = {15001771}
}

@article{lou2009antiferromagnetic,
  title = {Antiferromagnetic to Valence-Bond-Solid Transitions in Two-Dimensional \$$\backslash$text\{\vphantom\}{{SU}}\vphantom\{\}({{N}})\$ {{Heisenberg}} Models with Multispin Interactions},
  volume = {80},
  doi = {10/d98jsv},
  number = {18},
  url = {https://link.aps.org/doi/10.1103/PhysRevB.80.180414},
  journal = {Physical Review B},
  author = {Lou, Jie and Sandvik, Anders W. and Kawashima, Naoki},
  month = nov,
  year = {2009},
  pages = {180414}
}

@article{lee2006doping,
  title = {Doping a {{Mott}} Insulator: {{Physics}} of High-Temperature Superconductivity},
  volume = 78,
  shorttitle = {Doping a {{Mott}} Insulator},
  doi = {10/d8cd3h},
  number = 1,
  url = {https://link.aps.org/doi/10.1103/RevModPhys.78.17},
  journal = {Reviews of Modern Physics},
  author = {Lee, Patrick A. and Nagaosa, Naoto and Wen, Xiao-Gang},
  month = jan,
  year = 2006,
  pages = {17--85}
}

@article{rico2018nuclear,
  title = {{{SO}}(3) ``{{Nuclear Physics}}'' with Ultracold {{Gases}}},
  volume = {393},
  issn = {0003-4916},
  doi = {10/gc8sgf},
  url = {http://www.sciencedirect.com/science/article/pii/S0003491618300757},
  journal = {Annals of Physics},
  author = {Rico, E. and Dalmonte, M. and Zoller, P. and Banerjee, D. and B{\"o}gli, M. and Stebler, P. and Wiese, U. -J.},
  month = jun,
  year = {2018},
  keywords = {Lattice gauge theories,Quantum simulation,Ultracold atoms},
  pages = {466-483}
}

@article{zohar2016quantum,
  title = {Quantum Simulations of Lattice Gauge Theories Using Ultracold Atoms in Optical Lattices},
  volume = {79},
  issn = {0034-4885},
  doi = {10/gc8sgg},
  number = {1},
  url = {http://stacks.iop.org/0034-4885/79/i=1/a=014401},
  journal = {Reports on Progress in Physics},
  author = {Zohar, Erez and Cirac, J. Ignacio and Reznik, Benni},
  year = {2016},
  pages = {014401}
}

@article{wieseu.-j.2013ultracold,
  title = {Ultracold Quantum Gases and Lattice Systems: Quantum Simulation of Lattice Gauge Theories},
  volume = {525},
  issn = {0003-3804},
  shorttitle = {Ultracold Quantum Gases and Lattice Systems},
  doi = {10/f2nn3q},
  number = {10-11},
  url = {https://onlinelibrary.wiley.com/doi/full/10.1002/andp.201300104},
  journal = {Annalen der Physik},
  author = {{Wiese U.-J.}},
  month = jul,
  year = {2013},
  pages = {777--796}
}

@article{wu2003exact,
  title = {Exact {{SO}}(5) {{Symmetry}} in the {{Spin}}-\$3/2\$ {{Fermionic System}}},
  volume = {91},
  doi = {10/cnn8mx},
  number = {18},
  url = {https://link.aps.org/doi/10.1103/PhysRevLett.91.186402},
  journal = {Physical Review Letters},
  author = {Wu, Congjun and Hu, Jiang-ping and Zhang, Shou-cheng},
  month = oct,
  year = {2003},
  pages = {186402}
}

@article{wenz2013few,
  title = {From {{Few}} to {{Many}}: {{Observing}} the {{Formation}} of a {{Fermi Sea One Atom}} at a {{Time}}},
  volume = {342},
  copyright = {Copyright \textcopyright{} 2013, American Association for the Advancement of Science},
  issn = {0036-8075, 1095-9203},
  shorttitle = {From {{Few}} to {{Many}}},
  doi = {10/f5d95k},
  number = {6157},
  url = {http://science.sciencemag.org/content/342/6157/457},
  journal = {Science},
  author = {Wenz, A. N. and Z{\"u}rn, G. and Murmann, S. and Brouzos, I. and Lompe, T. and Jochim, S.},
  month = oct,
  year = {2013},
  pages = {457--460},
  pmid = {24159041}
}

@article{derevianko2011colloquium,
  title = {Colloquium: {{Physics}} of Optical Lattice Clocks},
  volume = {83},
  shorttitle = {Colloquium},
  doi = {10/bk9254},
  number = {2},
  url = {https://link.aps.org/doi/10.1103/RevModPhys.83.331},
  journal = {Reviews of Modern Physics},
  author = {Derevianko, Andrei and Katori, Hidetoshi},
  month = may,
  year = {2011},
  pages = {331--347}
}

@article{stellmer2009boseeinstein,
  title = {Bose-{{Einstein Condensation}} of {{Strontium}}},
  volume = {103},
  doi = {10/czt93r},
  number = {20},
  url = {https://link.aps.org/doi/10.1103/PhysRevLett.103.200401},
  journal = {Physical Review Letters},
  author = {Stellmer, Simon and Tey, Meng Khoon and Huang, Bo and Grimm, Rudolf and Schreck, Florian},
  month = nov,
  year = {2009},
  pages = {200401}
}

@article{deescobar2009boseeinstein,
  title = {Bose-{{Einstein Condensation}} of \$\^\{84\}$\backslash$mathrm\{\vphantom\}{{Sr}}\vphantom\{\}\$},
  volume = {103},
  doi = {10/fcrm2p},
  number = {20},
  url = {https://link.aps.org/doi/10.1103/PhysRevLett.103.200402},
  journal = {Physical Review Letters},
  author = {{de Escobar}, Y. N. Martinez and Mickelson, P. G. and Yan, M. and DeSalvo, B. J. and Nagel, S. B. and Killian, T. C.},
  month = nov,
  year = {2009},
  pages = {200402}
}

@article{tey2010doubledegenerate,
  title = {Double-Degenerate {{Bose}}-{{Fermi}} Mixture of Strontium},
  volume = {82},
  doi = {10/fcwd62},
  number = {1},
  url = {https://link.aps.org/doi/10.1103/PhysRevA.82.011608},
  journal = {Physical Review A},
  author = {Tey, Meng Khoon and Stellmer, Simon and Grimm, Rudolf and Schreck, Florian},
  month = jul,
  year = {2010},
  pages = {011608}
}

@article{bloom2014optical,
  title = {An optical lattice clock with accuracy and stability at the $10^{18}$ level},
  volume = {506},
  copyright = {2014 Nature Publishing Group},
  issn = {1476-4687},
  doi = {10/f5v7nz},
  number = {7486},
  url = {https://www.nature.com/articles/nature12941},
  journal = {Nature},
  author = {Bloom, B. J. and Nicholson, T. L. and Williams, J. R. and Campbell, S. L. and Bishof, M. and Zhang, X. and Zhang, W. and Bromley, S. L. and Ye, J.},
  month = jan,
  year = {2014},
  pages = {71}
}

@article{hinkley2013atomic,
  title = {An Atomic Clock with $10^{-18}$ Instability},
  volume = {341},
  copyright = {Copyright © 2013, American Association for the Advancement of Science},
  issn = {0036-8075, 1095-9203},
  doi = {10/nj9},
  number = {6151},
  url = {http://science.sciencemag.org/content/341/6151/1215},
  journal = {Science},
  author = {Hinkley, N. and Sherman, J. A. and Phillips, N. B. and Schioppo, M. and Lemke, N. D. and Beloy, K. and Pizzocaro, M. and Oates, C. W. and Ludlow, A. D.},
  month = sep,
  year = {2013},
  pages = {1215-1218},
  pmid = {23970562}
}

@article{campbell2009probing,
  title = {Probing {{Interactions Between Ultracold Fermions}}},
  volume = {324},
  copyright = {American Association for the Advancement of Science},
  issn = {0036-8075, 1095-9203},
  doi = {10/d5bhdj},
  number = {5925},
  url = {http://science.sciencemag.org/content/324/5925/360},
  journal = {Science},
  author = {Campbell, G. K. and Boyd, M. M. and Thomsen, J. W. and Martin, M. J. and Blatt, S. and Swallows, M. D. and Nicholson, T. L. and Fortier, T. and Oates, C. W. and Diddams, S. A. and Lemke, N. D. and Naidon, P. and Julienne, P. and Ye, Jun and Ludlow, A. D.},
  month = apr,
  year = {2009},
  pages = {360-363},
  pmid = {19372424}
}

@article{lemke2009spin,
  title = {Spin-\$1/2\$ {{Optical Lattice Clock}}},
  volume = {103},
  doi = {10/bgkvfn},
  number = {6},
  url = {https://link.aps.org/doi/10.1103/PhysRevLett.103.063001},
  journal = {Physical Review Letters},
  author = {Lemke, N. D. and Ludlow, A. D. and Barber, Z. W. and Fortier, T. M. and Diddams, S. A. and Jiang, Y. and Jefferts, S. R. and Heavner, T. P. and Parker, T. E. and Oates, C. W.},
  month = aug,
  year = {2009},
  pages = {063001}
}

@article{rey2014probing,
  title = {Probing Many-Body Interactions in an Optical Lattice Clock},
  volume = {340},
  issn = {0003-4916},
  doi = {10/f5n6ph},
  number = {1},
  url = {http://www.sciencedirect.com/science/article/pii/S0003491613002546},
  journal = {Annals of Physics},
  author = {Rey, A. M. and Gorshkov, A. V. and Kraus, C. V. and Martin, M. J. and Bishof, M. and Swallows, M. D. and Zhang, X. and Benko, C. and Ye, J. and Lemke, N. D. and Ludlow, A. D.},
  month = jan,
  year = {2014},
  keywords = {Atomic clocks,Collisions,Optical lattice},
  pages = {311-351}
}

@article{swallows2011suppression,
  title = {Suppression of {{Collisional Shifts}} in a {{Strongly Interacting Lattice Clock}}},
  volume = {331},
  copyright = {Copyright \textcopyright{} 2011, American Association for the Advancement of Science},
  issn = {0036-8075, 1095-9203},
  doi = {10/cb9h44},
  number = {6020},
  url = {http://science.sciencemag.org/content/331/6020/1043},
  journal = {Science},
  author = {Swallows, Matthew D. and Bishof, Michael and Lin, Yige and Blatt, Sebastian and Martin, Michael J. and Rey, Ana Maria and Ye, Jun},
  month = feb,
  year = {2011},
  pages = {1043-1046},
  pmid = {21292940}
}

@article{lemke2011wave,
  title = {$p$-Wave Cold Collisions in an Optical Lattice Clock},
  volume = {107},
  doi = {10/c4gcdj},
  number = {10},
  url = {https://link.aps.org/doi/10.1103/PhysRevLett.107.103902},
  journal = {Physical Review Letters},
  author = {Lemke, N. D. and von Stecher, J. and Sherman, J. A. and Rey, A. M. and Oates, C. W. and Ludlow, A. D.},
  month = aug,
  year = {2011},
  pages = {103902}
}

@article{nicholson2015systematic,
  title = {Systematic evaluation of an atomic clock at $2\times10^{-18}$ total uncertainty},
  volume = {6},
  copyright = {2015 Nature Publishing Group},
  issn = {2041-1723},
  doi = {10/gc93mq},
  url = {https://www.nature.com/articles/ncomms7896},
  journal = {Nature Communications},
  author = {Nicholson, T. L. and Campbell, S. L. and Hutson, R. B. and Marti, G. E. and Bloom, B. J. and McNally, R. L. and Zhang, W. and Barrett, M. D. and Safronova, M. S. and Strouse, G. F. and Tew, W. L. and Ye, J.},
  month = apr,
  year = {2015},
  pages = {6896}
}

@article{ludlow2015optical,
  title = {Optical Atomic Clocks},
  volume = {87},
  doi = {10/gcsjfn},
  number = {2},
  url = {https://link.aps.org/doi/10.1103/RevModPhys.87.637},
  journal = {Reviews of Modern Physics},
  author = {Ludlow, Andrew D. and Boyd, Martin M. and Ye, Jun and Peik, E. and Schmidt, P. O.},
  month = jun,
  year = {2015},
  pages = {637-701}
}

@article{porsev2004hyperfine,
  title = {Hyperfine quenching of the metastable $^{3}P_{0,2}$ states in divalent atoms},
  volume = {69},
  doi = {10/d679t2},
  number = {4},
  url = {https://link.aps.org/doi/10.1103/PhysRevA.69.042506},
  journal = {Physical Review A},
  author = {Porsev, Sergey G. and Derevianko, Andrei},
  month = apr,
  year = {2004},
  pages = {042506}
}

@article{santra2004properties,
  title = {Properties of Metastable Alkaline-Earth-Metal Atoms Calculated Using an Accurate Effective Core Potential},
  volume = {69},
  doi = {10/b2jxkx},
  number = {4},
  url = {https://link.aps.org/doi/10.1103/PhysRevA.69.042510},
  journal = {Physical Review A},
  author = {Santra, Robin and Christ, Kevin V. and Greene, Chris H.},
  month = apr,
  year = {2004},
  pages = {042510}
}

@article{daley2011statedependent,
  title = {State-Dependent Lattices for Quantum Computing with Alkaline-Earth-Metal Atoms},
  volume = {65},
  issn = {1434-6060, 1434-6079},
  doi = {10/fpv9sx},
  number = {1-2},
  url = {https://link.springer.com/article/10.1140/epjd/e2011-20095-2},
  journal = {The European Physical Journal D},
  author = {Daley, A. J. and Ye, J. and Zoller, P.},
  month = nov,
  year = {2011},
  pages = {207-217}
}

@article{ye2008quantum,
  title = {Quantum {{State Engineering}} and {{Precision Metrology Using State}}-{{Insensitive Light Traps}}},
  volume = {320},
  copyright = {American Association for the Advancement of Science},
  issn = {0036-8075, 1095-9203},
  doi = {10/dm93xj},
  number = {5884},
  url = {http://science.sciencemag.org/content/320/5884/1734},
  journal = {Science},
  author = {Ye, Jun and Kimble, H. J. and Katori, Hidetoshi},
  month = jun,
  year = {2008},
  pages = {1734-1738},
  pmid = {18583603}
}

@article{yin2014universal,
  title = {Universal and nonuniversal effective $N$-body interactions for ultracold harmonically trapped few-atom systems},
  volume = {90},
  doi = {10/gddxwb},
  number = {4},
  url = {https://link.aps.org/doi/10.1103/PhysRevA.90.043631},
  journal = {Physical Review A},
  author = {Yin, X. Y. and Blume, D. and Johnson, P. R. and Tiesinga, E.},
  month = oct,
  year = {2014},
  pages = {043631}
}

@article{kohn1959analytic,
  title = {Analytic {{Properties}} of {{Bloch Waves}} and {{Wannier Functions}}},
  volume = {115},
  doi = {10/cjdhr5},
  number = {4},
  url = {https://link.aps.org/doi/10.1103/PhysRev.115.809},
  journal = {Physical Review},
  author = {Kohn, W.},
  month = aug,
  year = {1959},
  pages = {809-821}
}

@article{marti2018imaging,
  title = {Imaging Optical Frequencies with $100\text{ }\text{ }\ensuremath{\mu}\mathrm{Hz}$ Precision and $1.1\text{ }\text{ }\ensuremath{\mu}\mathrm{m}$ Resolution},
  volume = {120},
  doi = {10/gc5sj2},
  number = {10},
  journal = {Physical Review Letters},
  author = {Marti, G. Edward and Hutson, Ross B. and Goban, Akihisa and Campbell, Sara L. and Poli, Nicola and Ye, Jun},
  month = mar,
  year = {2018},
  pages = {103201}
}
