@article{foss-feig2013nonequilibrium,
  title = {Nonequilibrium Dynamics of Arbitrary-Range {{Ising}} Models with Decoherence: {{An}} Exact Analytic Solution},
  volume = {87},
  shorttitle = {Nonequilibrium Dynamics of Arbitrary-Range {{Ising}} Models with Decoherence},
  doi = {10/gcsjdp},
  number = {4},
  journal = {Physical Review A},
  author = {{Foss-Feig}, Michael and Hazzard, Kaden R. A. and Bollinger, John J. and Rey, Ana Maria},
  month = apr,
  year = {2013},
  pages = {042101}
}

@article{huang2015twoaxis,
  title = {Two-Axis Spin Squeezing of Two-Component {{Bose}}-{{Einstein}} Condensates via Continuous Driving},
  volume = {91},
  doi = {10/gdg5mk},
  number = {4},
  journal = {Physical Review A},
  author = {Huang, Wen and Zhang, Yan-Lei and Zou, Chang-Ling and Zou, Xu-Bo and Guo, Guang-Can},
  month = apr,
  year = {2015},
  pages = {043642}
}

@article{liu2011spin,
  title = {Spin {{Squeezing}}: {{Transforming One}}-{{Axis Twisting}} into {{Two}}-{{Axis Twisting}}},
  volume = {107},
  shorttitle = {Spin {{Squeezing}}},
  doi = {10/dw3w4s},
  number = {1},
  journal = {Physical Review Letters},
  author = {Liu, Y. C. and Xu, Z. F. and Jin, G. R. and You, L.},
  month = jun,
  year = {2011},
  pages = {013601}
}

@article{hu2017vacuum,
  title = {Vacuum Spin Squeezing},
  volume = {96},
  doi = {10/gdg5mh},
  number = {5},
  journal = {Physical Review A},
  author = {Hu, Jiazhong and Chen, Wenlan and Vendeiro, Zachary and Urvoy, Alban and Braverman, Boris and Vuleti\'c, Vladan},
  month = nov,
  year = {2017},
  pages = {050301}
}

@article{kitagawa1993squeezed,
  title = {Squeezed Spin States},
  volume = {47},
  doi = {10/ccbxnv},
  number = {6},
  journal = {Physical Review A},
  author = {Kitagawa, Masahiro and Ueda, Masahito},
  month = jun,
  year = {1993},
  pages = {5138-5143}
}

@article{ma2011quantum,
  title = {Quantum Spin Squeezing},
  volume = {509},
  issn = {0370-1573},
  doi = {10/fnptvd},
  number = {2},
  journal = {Physics Reports},
  author = {Ma, Jian and Wang, Xiaoguang and Sun, C. P. and Nori, Franco},
  month = dec,
  year = {2011},
  pages = {89-165}
}

@article{wineland1992spin,
  title = {Spin Squeezing and Reduced Quantum Noise in Spectroscopy},
  volume = {46},
  issn = {1050-2947, 1094-1622},
  doi = {10/czfkmh},
  number = {11},
  journal = {Physical Review A},
  author = {Wineland, D. J. and Bollinger, J. J. and Itano, W. M. and Moore, F. L. and Heinzen, D. J.},
  month = dec,
  year = {1992},
  pages = {R6797-R6800}
}

@article{schweigler2017solving,
  archivePrefix = {arXiv},
  title = {On Solving Quantum Many-Body Problems by Experiment},
  volume = {545},
  issn = {0028-0836, 1476-4687},
  doi = {10/f9698t},
  number = {7654},
  journal = {Nature},
  author = {Schweigler, Thomas and Kasper, Valentin and Erne, Sebastian and Mazets, Igor and Rauer, Bernhard and Cataldini, Federica and Langen, Tim and Gasenzer, Thomas and Berges, J\"urgen and Schmiedmayer, J\"org},
  month = may,
  year = {2017},
  pages = {323-326}
}

@article{muessel2015twistandturn,
  title = {Twist-and-Turn Spin Squeezing in {{Bose}}-{{Einstein}} Condensates},
  volume = {92},
  doi = {10/gfh4gg},
  number = {2},
  journal = {Physical Review A},
  author = {Muessel, W. and Strobel, H. and Linnemann, D. and Zibold, T. and {Juli\'a-D\'iaz}, B. and Oberthaler, M. K.},
  month = aug,
  year = {2015},
  pages = {023603}
}

@article{riedel2010atomchipbased,
  title = {Atom-Chip-Based Generation of Entanglement for Quantum Metrology},
  volume = {464},
  issn = {1476-4687},
  doi = {10/dzvs9c},
  number = {7292},
  journal = {Nature},
  author = {Riedel, Max F. and B\"ohi, Pascal and Li, Yun and H\"ansch, Theodor W. and Sinatra, Alice and Treutlein, Philipp},
  month = apr,
  year = {2010},
  pages = {1170-1173}
}

@article{morrison2008collective,
  title = {Collective Spin Systems in Dispersive Optical Cavity {{QED}}: {{Quantum}} Phase Transitions and Entanglement},
  volume = {77},
  shorttitle = {Collective Spin Systems in Dispersive Optical Cavity {{QED}}},
  doi = {10/b4vxgn},
  number = {4},
  journal = {Physical Review A},
  author = {Morrison, S. and Parkins, A. S.},
  month = apr,
  year = {2008},
  pages = {043810}
}

@article{lipkin1965validity,
  title = {Validity of Many-Body Approximation Methods for a Solvable Model: ({{I}}). {{Exact}} Solutions and Perturbation Theory},
  volume = {62},
  issn = {0029-5582},
  shorttitle = {Validity of Many-Body Approximation Methods for a Solvable Model},
  doi = {10/fpqf4q},
  number = {2},
  journal = {Nuclear Physics},
  author = {Lipkin, H. J. and Meshkov, N. and Glick, A. J.},
  month = feb,
  year = {1965},
  pages = {188-198}
}

@article{meshkov1965validity,
  title = {Validity of Many-Body Approximation Methods for a Solvable Model: ({{II}}). {{Linearization}} Procedures},
  volume = {62},
  issn = {0029-5582},
  shorttitle = {Validity of Many-Body Approximation Methods for a Solvable Model},
  doi = {10/fttvwb},
  number = {2},
  journal = {Nuclear Physics},
  author = {Meshkov, N. and Glick, A. J. and Lipkin, H. J.},
  month = feb,
  year = {1965},
  pages = {199-210}
}

@article{glick1965validity,
  title = {Validity of Many-Body Approximation Methods for a Solvable Model: ({{III}}). {{Diagram}} Summations},
  volume = {62},
  issn = {0029-5582},
  shorttitle = {Validity of Many-Body Approximation Methods for a Solvable Model},
  doi = {10/ffgmgg},
  number = {2},
  journal = {Nuclear Physics},
  author = {Glick, A. J. and Lipkin, H. J. and Meshkov, N.},
  month = feb,
  year = {1965},
  pages = {211-224}
}

@article{martin2013quantum,
  title = {A {{Quantum Many}}-{{Body Spin System}} in an {{Optical Lattice Clock}}},
  volume = {341},
  issn = {0036-8075, 1095-9203},
  doi = {10/nd3},
  number = {6146},
  journal = {Science},
  author = {Martin, M. J. and Bishof, M. and Swallows, M. D. and Zhang, X. and Benko, C. and {von-Stecher}, J. and Gorshkov, A. V. and Rey, A. M. and Ye, Jun},
  month = aug,
  year = {2013},
  pages = {632-636}
}

@article{norcia2018cavitymediated,
  title = {Cavity-Mediated Collective Spin-Exchange Interactions in a Strontium Superradiant Laser},
  volume = {361},
  issn = {0036-8075, 1095-9203},
  doi = {10/gdztq4},
  number = {6399},
  journal = {Science},
  author = {Norcia, Matthew A. and {Lewis-Swan}, Robert J. and Cline, Julia R. K. and Zhu, Bihui and Rey, Ana M. and Thompson, James K.},
  month = jul,
  year = {2018},
  pages = {259-262},
  pmid = {30026222}
}

@article{majd2014lmg,
  title = {{{LMG}} Model: {{Markovian}} Evolution of Classical and Quantum Correlations under Decoherence},
  volume = {87},
  issn = {1434-6036},
  shorttitle = {{{LMG}} Model},
  doi = {10/gfjzrw},
  number = {3},
  journal = {The European Physical Journal B},
  author = {Majd, Nayereh and Payamara, Jahangir and Daliri, Fariba},
  month = mar,
  year = {2014},
  pages = {49}
}

@article{morrison2008dissipationdriven,
  title = {Dissipation-Driven Quantum Phase Transitions in Collective Spin Systems},
  volume = {41},
  issn = {0953-4075},
  doi = {10/cdzxpc},
  number = {19},
  journal = {Journal of Physics B: Atomic, Molecular and Optical Physics},
  author = {Morrison, S. and Parkins, A. S.},
  year = {2008},
  pages = {195502}
}

@article{latorre2005entanglement,
  title = {Entanglement Entropy in the {{Lipkin}}-{{Meshkov}}-{{Glick}} Model},
  volume = {71},
  doi = {10/bhh5nf},
  number = {6},
  journal = {Physical Review A},
  author = {Latorre, Jos\'e I. and Or\'us, Rom\'an and Rico, Enrique and Vidal, Julien},
  month = jun,
  year = {2005},
  pages = {064101}
}

@article{alcalde2007functional,
  title = {Functional Methods in the Generalized {{Dicke}} Model},
  volume = {40},
  issn = {1751-8121},
  doi = {10/d659gf},
  number = {39},
  journal = {Journal of Physics A: Mathematical and Theoretical},
  author = {Alcalde, M. Aparicio and de Lemos, A. L. L. and Svaiter, N. F.},
  year = {2007},
  pages = {11961}
}

@article{zhiqiang2017nonequilibrium,
  title = {Nonequilibrium Phase Transition in a Spin-1 {{Dicke}} Model},
  volume = {4},
  issn = {2334-2536},
  doi = {10/gfj2cb},
  number = {4},
  journal = {Optica},
  author = {Zhiqiang, Zhang and Lee, Chern Hui and Kumar, Ravi and Arnold, K. J. and Masson, Stuart J. and Parkins, A. S. and Barrett, M. D.},
  month = apr,
  year = {2017},
  pages = {424-429}
}

@article{klinder2015dynamical,
  title = {Dynamical Phase Transition in the Open {{Dicke}} Model},
  volume = {112},
  issn = {0027-8424, 1091-6490},
  doi = {10/f643gc},
  number = {11},
  journal = {Proceedings of the National Academy of Sciences},
  author = {Klinder, Jens and Ke\ss{}ler, Hans and Wolke, Matthias and Mathey, Ludwig and Hemmerich, Andreas},
  month = mar,
  year = {2015},
  pages = {3290-3295},
  pmid = {25733892}
}

@article{bhattacherjee2014nonequilibrium,
  title = {Non-Equilibrium Dynamical Phases of the Two-Atom {{Dicke}} Model},
  volume = {378},
  issn = {0375-9601},
  doi = {10/f6np9c},
  number = {44},
  journal = {Physics Letters A},
  author = {Bhattacherjee, Aranya B.},
  month = sep,
  year = {2014},
  pages = {3244-3247}
}

@article{sarandy2009classical,
  title = {Classical Correlation and Quantum Discord in Critical Systems},
  volume = {80},
  doi = {10/bn3zpt},
  number = {2},
  journal = {Physical Review A},
  author = {Sarandy, M. S.},
  month = aug,
  year = {2009},
  pages = {022108}
}

@article{smale2018observation,
  title = {Observation of a {{Dynamical Phase Transition}} in the {{Collective Heisenberg Model}}},
  author = {Smale, Scott and He, Peiru and Olsen, Ben A. and Jackson, Kenneth G. and Sharum, Haille and Trotzky, Stefan and Marino, Jamir and Rey, Ana Maria and Thywissen, Joseph H.},
  month = jun,
  year = {2018}
}

@article{wang2012quantum,
  title = {Quantum Correlations in Collective Spin Systems},
  volume = {85},
  doi = {10/gfj2cj},
  number = {5},
  journal = {Physical Review A},
  author = {Wang, Chen and Zhang, Yu-Yu and Chen, Qing-Hu},
  month = may,
  year = {2012},
  pages = {052112}
}

@article{gross2010nonlinear,
  title = {Nonlinear Atom Interferometer Surpasses Classical Precision Limit},
  volume = {464},
  issn = {1476-4687},
  doi = {10/dbvk5k},
  number = {7292},
  journal = {Nature},
  author = {Gross, C. and Zibold, T. and Nicklas, E. and Est\`eve, J. and Oberthaler, M. K.},
  month = apr,
  year = {2010},
  pages = {1165-1169}
}

@article{takano2009spin,
  title = {Spin {{Squeezing}} of a {{Cold Atomic Ensemble}} with the {{Nuclear Spin}} of {{One}}-{{Half}}},
  volume = {102},
  doi = {10/ck8ktn},
  number = {3},
  journal = {Physical Review Letters},
  author = {Takano, T. and Fuyama, M. and Namiki, R. and Takahashi, Y.},
  month = jan,
  year = {2009},
  pages = {033601}
}

@article{bohnet2016quantum,
  title = {Quantum Spin Dynamics and Entanglement Generation with Hundreds of Trapped Ions},
  volume = {352},
  issn = {0036-8075, 1095-9203},
  doi = {10/f8rgft},
  number = {6291},
  journal = {Science},
  author = {Bohnet, Justin G. and Sawyer, Brian C. and Britton, Joseph W. and Wall, Michael L. and Rey, Ana Maria and {Foss-Feig}, Michael and Bollinger, John J.},
  month = jun,
  year = {2016},
  pages = {1297-1301},
  pmid = {27284189}
}

@article{hu2015entangled,
  title = {Entangled Collective-Spin States of Atomic Ensembles under Nonuniform Atom-Light Interaction},
  volume = {92},
  doi = {10/gfjzr2},
  number = {6},
  journal = {Physical Review A},
  author = {Hu, Jiazhong and Chen, Wenlan and Vendeiro, Zachary and Zhang, Hao and Vuleti\'c, Vladan},
  month = dec,
  year = {2015},
  pages = {063816}
}

@article{hosten2016quantum,
  title = {Quantum Phase Magnification},
  volume = {352},
  issn = {0036-8075, 1095-9203},
  doi = {10/f8rkrr},
  number = {6293},
  journal = {Science},
  author = {Hosten, O. and Krishnakumar, R. and Engelsen, N. J. and Kasevich, M. A.},
  month = jun,
  year = {2016},
  pages = {1552-1555},
  pmid = {27339982}
}

@article{law2001coherent,
  title = {Coherent Control of Spin Squeezing},
  volume = {63},
  doi = {10/cpqn58},
  number = {5},
  journal = {Physical Review A},
  author = {Law, C. K. and Ng, H. T. and Leung, P. T.},
  month = apr,
  year = {2001},
  pages = {055601}
}

@article{plenio1998quantumjump,
  title = {The Quantum-Jump Approach to Dissipative Dynamics in Quantum Optics},
  volume = {70},
  doi = {10/c3t3s8},
  number = {1},
  journal = {Reviews of Modern Physics},
  author = {Plenio, M. B. and Knight, P. L.},
  month = jan,
  year = {1998},
  pages = {101-144}
}

@article{zhang2018montecarlo,
  archivePrefix = {arXiv},
  primaryClass = {physics, physics:quant-ph},
  title = {Monte-{{Carlo Simulations}} of {{Superradiant Lasing}}},
  journal = {arXiv:1806.02156 [physics, physics:quant-ph]},
  author = {Zhang, Yuan and Zhang, Yu-Xiang and M\o{}lmer, Klaus},
  month = jun,
  year = {2018}
}

@article{chen2010heralded,
  title = {Heralded {{Generation}} of an {{Atomic NOON State}}},
  volume = {104},
  doi = {10/fv5x7v},
  number = {4},
  journal = {Physical Review Letters},
  author = {Chen, Yu-Ao and Bao, Xiao-Hui and Yuan, Zhen-Sheng and Chen, Shuai and Zhao, Bo and Pan, Jian-Wei},
  month = jan,
  year = {2010},
  pages = {043601}
}

@article{jones2009magnetic,
  title = {Magnetic {{Field Sensing Beyond}} the {{Standard Quantum Limit Using}} 10-{{Spin NOON States}}},
  volume = {324},
  issn = {0036-8075, 1095-9203},
  doi = {10/fdmxpb},
  number = {5931},
  journal = {Science},
  author = {Jones, Jonathan A. and Karlen, Steven D. and Fitzsimons, Joseph and Ardavan, Arzhang and Benjamin, Simon C. and Briggs, G. Andrew D. and Morton, John J. L.},
  month = may,
  year = {2009},
  pages = {1166-1168},
  pmid = {19389997}
}

@article{zhong2010simplified,
  title = {A Simplified Scheme for Realizing Multi-Atom {{NOON}} State},
  volume = {283},
  issn = {0030-4018},
  doi = {10/fvrjpp},
  number = {1},
  journal = {Optics Communications},
  author = {Zhong, Zhi-Rong},
  month = jan,
  year = {2010},
  pages = {189-191}
}

@article{huang2015quantum,
  title = {Quantum Metrology with Spin Cat States under Dissipation},
  volume = {5},
  issn = {2045-2322},
  doi = {10/f72x3v},
  journal = {Scientific Reports},
  author = {Huang, Jiahao and Qin, Xizhou and Zhong, Honghua and Ke, Yongguan and Lee, Chaohong},
  month = dec,
  year = {2015},
  pages = {17894}
}

@article{agarwal1997atomic,
  title = {Atomic {{Schr\"odinger}} Cat States},
  volume = {56},
  issn = {1050-2947, 1094-1622},
  doi = {10/bgvv6h},
  number = {3},
  journal = {Physical Review A},
  author = {Agarwal, G. and Puri, R. and Singh, R.},
  month = sep,
  year = {1997},
  pages = {2249-2254}
}

@article{lau2014proposal,
  title = {Proposal for the {{Creation}} and {{Optical Detection}} of {{Spin Cat States}} in {{Bose}}-{{Einstein Condensates}}},
  volume = {113},
  doi = {10/gfj83b},
  number = {9},
  journal = {Physical Review Letters},
  author = {Lau, Hon Wai and Dutton, Zachary and Wang, Tian and Simon, Christoph},
  month = aug,
  year = {2014},
  pages = {090401}
}

@article{itano1993quantum,
  title = {Quantum Projection Noise: {{Population}} Fluctuations in Two-Level Systems},
  volume = {47},
  issn = {1050-2947, 1094-1622},
  shorttitle = {Quantum Projection Noise},
  doi = {10/c9q26q},
  number = {5},
  journal = {Physical Review A},
  author = {Itano, W. M. and Bergquist, J. C. and Bollinger, J. J. and Gilligan, J. M. and Heinzen, D. J. and Moore, F. L. and Raizen, M. G. and Wineland, D. J.},
  month = may,
  year = {1993},
  pages = {3554-3570}
}

@article{hartmann2016generalized,
  title = {Generalized {{Dicke States}}},
  volume = {16},
  number = {15 \& 16},
  journal = {Quantum Information and Computation},
  author = {Hartmann, Stephan},
  year = {2016},
  pages = {16}
}

@article{xu2013simulating,
  title = {Simulating Open Quantum Systems by Applying {{SU}}(4) to Quantum Master Equations},
  volume = {87},
  doi = {10/gfj4p8},
  number = {6},
  journal = {Physical Review A},
  author = {Xu, Minghui and Tieri, D. A. and Holland, M. J.},
  month = jun,
  year = {2013},
  pages = {062101}
}

@article{micheli2003manyparticle,
  title = {Many-Particle Entanglement in Two-Component {{Bose}}-{{Einstein}} Condensates},
  volume = {67},
  doi = {10/b837h7},
  number = {1},
  journal = {Physical Review A},
  author = {Micheli, A. and Jaksch, D. and Cirac, J. I. and Zoller, P.},
  month = jan,
  year = {2003},
  pages = {013607}
}

@article{sorelli2015fast,
  archivePrefix = {arXiv},
  primaryClass = {cond-mat, physics:quant-ph},
  title = {Fast Generation of Entanglement in {{Bosonic Josephson Junctions}}},
  journal = {arXiv:1511.01835 [cond-mat, physics:quant-ph]},
  author = {Sorelli, Giacomo and Pezz\`e, Luca and Smerzi, Augusto},
  month = nov,
  year = {2015}
}

@article{morrison2008dynamical,
  title = {Dynamical {{Quantum Phase Transitions}} in the {{Dissipative Lipkin}}-{{Meshkov}}-{{Glick Model}} with {{Proposed Realization}} in {{Optical Cavity QED}}},
  volume = {100},
  doi = {10/ch3tj6},
  number = {4},
  journal = {Physical Review Letters},
  author = {Morrison, S. and Parkins, A. S.},
  month = jan,
  year = {2008},
  pages = {040403}
}

@article{kessler2012dissipative,
  title = {Dissipative Phase Transition in a Central Spin System},
  volume = {86},
  issn = {1050-2947, 1094-1622},
  doi = {10/gfksbv},
  number = {1},
  journal = {Physical Review A},
  author = {Kessler, E. M. and Giedke, G. and Imamoglu, A. and Yelin, S. F. and Lukin, M. D. and Cirac, J. I.},
  month = jul,
  year = {2012}
}

@article{lang2018concurrence,
  title = {Concurrence of Dynamical Phase Transitions at Finite Temperature in the Fully Connected Transverse-Field {{Ising}} Model},
  volume = {97},
  doi = {10/gfksbw},
  number = {17},
  journal = {Physical Review B},
  author = {Lang, Johannes and Frank, Bernhard and Halimeh, Jad C.},
  month = may,
  year = {2018},
  pages = {174401}
}

@article{maghrebi2016nonequilibrium,
  title = {Nonequilibrium Many-Body Steady States via {{Keldysh}} Formalism},
  volume = {93},
  issn = {2469-9950, 2469-9969},
  doi = {10/gfksbx},
  number = {1},
  journal = {Physical Review B},
  author = {Maghrebi, Mohammad F. and Gorshkov, Alexey V.},
  month = jan,
  year = {2016}
}

@article{walls1978nonequilibrium,
  title = {Non-{{Equilibrium Phase Transitions}} in {{Cooperative Atomic Systems}}},
  volume = {64},
  issn = {0375-9687},
  doi = {10/d6j2p3},
  journal = {Progress of Theoretical Physics Supplement},
  author = {Walls, D. F. and Drummond, P. D. and Hassan, S. S. and Carmichael, H. J.},
  month = feb,
  year = {1978},
  pages = {307-320}
}

@article{lewis-swan2018robust,
  title = {Robust {{Spin Squeezing}} via {{Photon}}-{{Mediated Interactions}} on an {{Optical Clock Transition}}},
  volume = {121},
  doi = {10/gfjzkf},
  number = {7},
  journal = {Physical Review Letters},
  author = {{Lewis-Swan}, Robert J. and Norcia, Matthew A. and Cline, Julia R. K. and Thompson, James K. and Rey, Ana Maria},
  month = aug,
  year = {2018},
  pages = {070403}
}

@article{schleier-smith2010squeezing,
  title = {Squeezing the Collective Spin of a Dilute Atomic Ensemble by Cavity Feedback},
  volume = {81},
  doi = {10/b4zcp9},
  number = {2},
  journal = {Physical Review A},
  author = {{Schleier-Smith}, Monika H. and Leroux, Ian D. and Vuleti\'c, Vladan},
  month = feb,
  year = {2010},
  pages = {021804}
}

@article{appel2009mesoscopic,
  title = {Mesoscopic Atomic Entanglement for Precision Measurements beyond the Standard Quantum Limit},
  volume = {106},
  issn = {0027-8424, 1091-6490},
  doi = {10/fbbfmd},
  number = {27},
  journal = {Proceedings of the National Academy of Sciences},
  author = {Appel, J. and Windpassinger, P. J. and Oblak, D. and Hoff, U. B. and Kj\ae{}rgaard, N. and Polzik, E. S.},
  month = jul,
  year = {2009},
  pages = {10960-10965},
  pmid = {19541646}
}

@article{schleier-smith2010states,
  title = {States of an {{Ensemble}} of {{Two}}-{{Level Atoms}} with {{Reduced Quantum Uncertainty}}},
  volume = {104},
  doi = {10/fdv6mj},
  number = {7},
  journal = {Physical Review Letters},
  author = {{Schleier-Smith}, Monika H. and Leroux, Ian D. and Vuleti\'c, Vladan},
  month = feb,
  year = {2010},
  pages = {073604}
}

@article{chen2011conditional,
  title = {Conditional {{Spin Squeezing}} of a {{Large Ensemble}} via the {{Vacuum Rabi Splitting}}},
  volume = {106},
  doi = {10/br863w},
  number = {13},
  journal = {Physical Review Letters},
  author = {Chen, Zilong and Bohnet, Justin G. and Sankar, Shannon R. and Dai, Jiayan and Thompson, James K.},
  month = mar,
  year = {2011},
  pages = {133601}
}

@article{bohnet2014reduced,
  title = {Reduced Spin Measurement Back-Action for a Phase Sensitivity Ten Times beyond the Standard Quantum Limit},
  volume = {8},
  issn = {1749-4893},
  doi = {10/gddh9q},
  number = {9},
  journal = {Nature Photonics},
  author = {Bohnet, J. G. and Cox, K. C. and Norcia, M. A. and Weiner, J. M. and Chen, Z. and Thompson, J. K.},
  month = sep,
  year = {2014},
  pages = {731-736}
}

@article{cox2016deterministic,
  title = {Deterministic {{Squeezed States}} with {{Collective Measurements}} and {{Feedback}}},
  volume = {116},
  doi = {10/gfksch},
  number = {9},
  journal = {Physical Review Letters},
  author = {Cox, Kevin C. and Greve, Graham P. and Weiner, Joshua M. and Thompson, James K.},
  month = mar,
  year = {2016},
  pages = {093602}
}

@article{hosten2016measurement,
  title = {Measurement Noise 100 Times Lower than the Quantum-Projection Limit Using Entangled Atoms},
  volume = {529},
  issn = {1476-4687},
  doi = {10/f78d5b},
  number = {7587},
  journal = {Nature},
  author = {Hosten, Onur and Engelsen, Nils J. and Krishnakumar, Rajiv and Kasevich, Mark A.},
  month = jan,
  year = {2016},
  pages = {505-508}
}

@article{leroux2010implementation,
  title = {Implementation of {{Cavity Squeezing}} of a {{Collective Atomic Spin}}},
  volume = {104},
  doi = {10/bb37n6},
  number = {7},
  journal = {Physical Review Letters},
  author = {Leroux, Ian D. and {Schleier-Smith}, Monika H. and Vuleti\'c, Vladan},
  month = feb,
  year = {2010},
  pages = {073602}
}

@article{dicke1954coherence,
  title = {Coherence in {{Spontaneous Radiation Processes}}},
  volume = {93},
  issn = {0031-899X},
  doi = {10/cbq3mc},
  number = {1},
  journal = {Physical Review},
  author = {Dicke, R. H.},
  month = jan,
  year = {1954},
  pages = {99-110}
}
