@article{perlin2019effective,
  title = {Effective multi-body SU({$N$})-symmetric interactions of ultracold fermionic atoms on a 3D lattice},
  volume = {21},
  issn = {1367-2630},
  number = {4},
  journal = {New Journal of Physics},
  doi = {10/gfwm2j},
  author = {Perlin, M. A. and Rey, A. M.},
  month = apr,
  year = {2019},
  pages = {043039}
}

@article{hioe1981level,
  title = {N -{{Level Coherence Vector}} and {{Higher Conservation Laws}} in {{Quantum Optics}} and {{Quantum Mechanics}}},
  volume = {47},
  issn = {0031-9007},
  number = {12},
  journal = {Physical Review Letters},
  doi = {10/fm4gtn},
  author = {Hioe, F. T. and Eberly, J. H.},
  month = sep,
  year = {1981},
  pages = {838-841}
}

@article{bertlmann2008bloch,
  title = {Bloch Vectors for Qudits},
  volume = {41},
  issn = {1751-8121},
  number = {23},
  journal = {Journal of Physics A: Mathematical and Theoretical},
  doi = {10/bj8k9k},
  author = {Bertlmann, Reinhold A. and Krammer, Philipp},
  month = may,
  year = {2008},
  pages = {235303}
}

@article{kryszewski2006alternative,
  archivePrefix = {arXiv},
  title = {Alternative representation of {$N\times N$} density matrix},
  journal = {arXiv:quant-ph/0602065},
  author = {Kryszewski, Stanislaw and Zachcial, Mateusz},
  month = feb,
  year = {2006}
}
