@article{smolin2012efficient,
  title = {Efficient {{Method}} for {{Computing}} the {{Maximum}}-{{Likelihood Quantum State}} from {{Measurements}} with {{Additive Gaussian Noise}}},
  author = {Smolin, John A. and Gambetta, Jay M. and Smith, Graeme},
  year = {2012},
  month = feb,
  volume = {108},
  pages = {070502},
  issn = {0031-9007, 1079-7114},
  doi = {10/bb76},
  journal = {Physical Review Letters},
  number = {7}
}

@article{pereira2018adaptive,
  title = {Adaptive Quantum Tomography in High Dimensions},
  author = {Pereira, L. and Zambrano, L. and {Cort{\'e}s-Vega}, J. and Niklitschek, S. and Delgado, A.},
  year = {2018},
  month = jul,
  volume = {98},
  pages = {012339},
  issn = {2469-9926, 2469-9934},
  doi = {10/gdxt5g},
  journal = {Physical Review A},
  number = {1}
}
