@article{smolin2012efficient,
  title = {Efficient {{Method}} for {{Computing}} the {{Maximum}}-{{Likelihood Quantum State}} from {{Measurements}} with {{Additive Gaussian Noise}}},
  author = {Smolin, John A. and Gambetta, Jay M. and Smith, Graeme},
  year = {2012},
  month = feb,
  volume = {108},
  pages = {070502},
  issn = {0031-9007, 1079-7114},
  doi = {10/bb76},
  journal = {Physical Review Letters},
  number = {7}
}

@article{pereira2018adaptive,
  title = {Adaptive Quantum Tomography in High Dimensions},
  author = {Pereira, L. and Zambrano, L. and {Cort{\'e}s-Vega}, J. and Niklitschek, S. and Delgado, A.},
  year = {2018},
  month = jul,
  volume = {98},
  pages = {012339},
  issn = {2469-9926, 2469-9934},
  doi = {10/gdxt5g},
  journal = {Physical Review A},
  number = {1}
}

@article{evrard2019enhanced,
  title = {Enhanced {{Magnetic Sensitivity}} with {{Non}}-{{Gaussian Quantum Fluctuations}}},
  author = {Evrard, Alexandre},
  year = {2019},
  volume = {122},
  doi = {10/gf965s},
  journal = {Physical Review Letters},
  number = {17}
}

@article{flammia2005minimal,
  title = {Minimal {{Informationally Complete Measurements}} for {{Pure States}}},
  author = {Flammia, Steven T. and Silberfarb, Andrew and Caves, Carlton M.},
  year = {2005},
  month = dec,
  volume = {35},
  pages = {1985--2006},
  issn = {1572-9516},
  doi = {10/cdjmzb},
  journal = {Foundations of Physics},
  number = {12}
}

@article{ha2018minimal,
  title = {A Minimal Set of Measurements for Qudit-State Tomography Based on Unambiguous Discrimination},
  author = {Ha, Donghoon and Kwon, Younghun},
  year = {2018},
  month = jul,
  volume = {17},
  pages = {232},
  issn = {1573-1332},
  doi = {10/gd2h8b},
  journal = {Quantum Information Processing},
  number = {9}
}

@article{palici2020oam,
  title = {{{OAM}} Tomography with {{Heisenberg}}-{{Weyl}} Observables},
  author = {Palici, Alexandra Maria and Isdraila, Tudor-Alexandru and Ataman, Stefan and Ionicioiu, Radu},
  year = {2020},
  month = mar,
  archivePrefix = {arXiv},
  journal = {arXiv:2003.08668 [quant-ph]},
  primaryClass = {quant-ph}
}

@article{salazar2012quantum,
  title = {Quantum Tomography via Unambiguous State Discrimination},
  author = {Salazar, R. and Delgado, A.},
  year = {2012},
  month = jul,
  volume = {86},
  pages = {012118},
  publisher = {{American Physical Society}},
  doi = {10/ghdb7q},
  journal = {Physical Review A},
  number = {1}
}

@article{sosa-martinez2017quantum,
  title = {Quantum {{Control}} and {{Quantum Tomography}} on {{Neutral Atom Qudits}}},
  author = {{Sosa-Martinez}, Hector},
  year = {2017},
  month = jun,
  archivePrefix = {arXiv},
  journal = {arXiv:1706.06536 [quant-ph]},
  primaryClass = {quant-ph}
}

@article{stefano2019set,
  title = {Set of $4d-3$ observables to determine any pure qudit state},
  author = {Stefano, Quimey Pears and Rebón, Lorena and Ledesma, Silvia and Iemmi, Claudio},
  year = {2019},
  month = may,
  volume = {44},
  pages = {2558-2561},
  publisher = {Optical Society of America},
  issn = {1539-4794},
  doi = {10/ghdb7x},
  journal = {Optics Letters},
  number = {10}
}

@article{thew2002qudit,
  title = {Qudit Quantum-State Tomography},
  author = {Thew, R. T. and Nemoto, K. and White, A. G. and Munro, W. J.},
  year = {2002},
  month = jul,
  volume = {66},
  pages = {012303},
  issn = {1050-2947, 1094-1622},
  doi = {10/cqtd2w},
  journal = {Physical Review A},
  number = {1}
}

@article{gross2020encoding,
  title = {Encoding a Qubit in a Spin},
  author = {Gross, Jonathan A.},
  year = {2020},
  month = may,
  archivePrefix = {arXiv},
  journal = {arXiv:2005.10910 [quant-ph]},
  primaryClass = {quant-ph}
}


@article{albert2020robust,
  title = {Robust {{Encoding}} of a {{Qubit}} in a {{Molecule}}},
  author = {Albert, Victor V. and Covey, Jacob P. and Preskill, John},
  year = {2020},
  month = sep,
  volume = {10},
  pages = {031050},
  publisher = {{American Physical Society}},
  doi = {10/gg9m2n},
  journal = {Physical Review X},
  number = {3}
}


@article{banerjee2013atomic,
  title = {Atomic Quantum Simulation of $\mathbf{U}(N)$ and $\mathrm{SU}(N)$ Non-Abelian Lattice Gauge Theories},
  author = {Banerjee, D. and Bögli, M. and Dalmonte, M. and Rico, E. and Stebler, P. and Wiese, U.-J. and Zoller, P.},
  year = {2013},
  month = mar,
  volume = {110},
  pages = {125303},
  doi = {10/f3s3bt},
  journal = {Physical Review Letters},
  number = {12}
}

@article{rico2018nuclear,
  title = {{{SO}}(3) ``{{Nuclear Physics}}'' with Ultracold {{Gases}}},
  author = {Rico, E. and Dalmonte, M. and Zoller, P. and Banerjee, D. and B{\"o}gli, M. and Stebler, P. and Wiese, U.-J.},
  year = {2018},
  month = jun,
  volume = {393},
  pages = {466--483},
  issn = {0003-4916},
  doi = {10/gc8sgf},
  journal = {Annals of Physics}
}

@article{cazalilla2014ultracold,
  title = {Ultracold Fermi gases with emergent $\mathrm{SU}(N)$  symmetry},
  author = {Cazalilla, Miguel A. and Rey, Ana Maria},
  year = {2014},
  volume = {77},
  pages = {124401},
  issn = {0034-4885},
  doi = {10/gcsjfd},
  annotation = {00000},
  journal = {Reports on Progress in Physics},
  number = {12}
}

@article{manko1997spin,
  title = {Spin State Tomography},
  author = {Man'ko, V. I. and Man'ko, O. V.},
  year = {1997},
  month = sep,
  volume = {85},
  pages = {430--434},
  issn = {1090-6509},
  doi = {10/fvgjrb},
  journal = {Journal of Experimental and Theoretical Physics},
  number = {3}
}

@article{qi2013quantum,
  title = {Quantum {{State Tomography}} via {{Linear Regression Estimation}}},
  author = {Qi, Bo and Hou, Zhibo and Li, Li and Dong, Daoyi and Xiang, Guoyong and Guo, Guangcan},
  year = {2013},
  month = dec,
  volume = {3},
  pages = {3496},
  publisher = {{Nature Publishing Group}},
  issn = {2045-2322},
  doi = {10/ghdmf2},
  journal = {Scientific Reports},
  number = {1}
}

@article{smolin2012efficient,
  title = {Efficient {{Method}} for {{Computing}} the {{Maximum}}-{{Likelihood Quantum State}} from {{Measurements}} with {{Additive Gaussian Noise}}},
  author = {Smolin, John A. and Gambetta, Jay M. and Smith, Graeme},
  year = {2012},
  month = feb,
  volume = {108},
  pages = {070502},
  issn = {0031-9007, 1079-7114},
  doi = {10/bb76},
  journal = {Physical Review Letters},
  number = {7}
}

@article{gross2010quantum,
  title = {Quantum {{State Tomography}} via {{Compressed Sensing}}},
  author = {Gross, David and Liu, Yi-Kai and Flammia, Steven T. and Becker, Stephen and Eisert, Jens},
  year = {2010},
  month = oct,
  volume = {105},
  pages = {150401},
  publisher = {{American Physical Society}},
  doi = {10/dzs4ff},
  journal = {Physical Review Letters},
  number = {15}
}

@article{cramer2010efficient,
  title = {Efficient Quantum State Tomography},
  author = {Cramer, Marcus and Plenio, Martin B. and Flammia, Steven T. and Somma, Rolando and Gross, David and Bartlett, Stephen D. and {Landon-Cardinal}, Olivier and Poulin, David and Liu, Yi-Kai},
  year = {2010},
  month = dec,
  volume = {1},
  pages = {149},
  publisher = {{Nature Publishing Group}},
  issn = {2041-1723},
  doi = {10/fwmt62},
  journal = {Nature Communications},
  number = {1}
}

@article{christandl2012reliable,
  title = {Reliable {{Quantum State Tomography}}},
  author = {Christandl, Matthias and Renner, Renato},
  year = {2012},
  month = sep,
  volume = {109},
  pages = {120403},
  publisher = {{American Physical Society}},
  doi = {10/f38cjk},
  journal = {Physical Review Letters},
  number = {12}
}

@article{torlai2018neuralnetwork,
  title = {Neural-Network Quantum State Tomography},
  author = {Torlai, Giacomo and Mazzola, Guglielmo and Carrasquilla, Juan and Troyer, Matthias and Melko, Roger and Carleo, Giuseppe},
  year = {2018},
  month = may,
  volume = {14},
  pages = {447--450},
  publisher = {{Nature Publishing Group}},
  issn = {1745-2481},
  doi = {10/gcz7jj},
  journal = {Nature Physics},
  number = {5}
}

@article{opatrny1997leastsquares,
  title = {Least-Squares Inversion for Density-Matrix Reconstruction},
  author = {Opatrn{\'y}, T. and Welsch, D.-G. and Vogel, W.},
  year = {1997},
  month = sep,
  volume = {56},
  pages = {1788--1799},
  publisher = {{American Physical Society}},
  doi = {10/ffqwq3},
  journal = {Physical Review A},
  number = {3}
}


@article{huszar2012adaptive,
  title = {Adaptive {{Bayesian}} Quantum Tomography},
  author = {Husz{\'a}r, F. and Houlsby, N. M. T.},
  year = {2012},
  month = may,
  volume = {85},
  pages = {052120},
  publisher = {{American Physical Society}},
  doi = {10/s86},
  journal = {Physical Review A},
  number = {5}
}

@article{driscoll1994computing,
  title = {Computing {{Fourier Transforms}} and {{Convolutions}} on the 2-{{Sphere}}},
  author = {Driscoll, J.R. and Healy, D.M.},
  year = {1994},
  month = jun,
  volume = {15},
  pages = {202--250},
  doi = {10.1006/aama.1994.1008},
  journal = {Advances in Applied Mathematics},
  number = {2}
}

@article{mcewen2011novel,
  title = {A {{Novel Sampling Theorem}} on the {{Sphere}}},
  author = {McEwen, Jason D. and Wiaux, Yves},
  year = {2011},
  month = dec,
  volume = {59},
  pages = {5876--5887},
  issn = {1941-0476},
  doi = {10/ct47rd},
  journal = {IEEE Transactions on Signal Processing},
  number = {12}
}

@inproceedings{mcewen2011sampling,
  title = {Sampling Theorems and Compressive Sensing on the Sphere},
  booktitle = {Wavelets and {{Sparsity XIV}}},
  author = {McEwen, Jason D. and Puy, Gilles and Thiran, Jean-Philippe and Vandergheynst, Pierre and Ville, Dimitri Van De and Wiaux, Yves},
  year = {2011},
  month = sep,
  volume = {8138},
  pages = {81381F},
  publisher = {{International Society for Optics and Photonics}},
  doi = {10/chng7b}
}

@article{khalid2014optimaldimensionality,
  title = {An {{Optimal}}-{{Dimensionality Sampling Scheme}} on the {{Sphere With Fast Spherical Harmonic Transforms}}},
  author = {Khalid, Zubair and Kennedy, Rodney A. and McEwen, Jason D.},
  year = {2014},
  month = sep,
  volume = {62},
  pages = {4597--4610},
  issn = {1941-0476},
  doi = {10/gf8fkh},
  journal = {IEEE Transactions on Signal Processing},
  number = {17}
}

@article{rauhut2011sparse,
  title = {Sparse Recovery for Spherical Harmonic Expansions},
  author = {Rauhut, Holger and Ward, Rachel},
  year = {2011},
  month = feb,
  archivePrefix = {arXiv},
  journal = {arXiv:1102.4097},
  primaryClass = {math}
}

@inproceedings{alem2012sparse,
  title = {Sparse Signal Recovery on the Sphere: {{Optimizing}} the Sensing Matrix through Sampling},
  shorttitle = {Sparse Signal Recovery on the Sphere},
  booktitle = {2012 6th {{International Conference}} on {{Signal Processing}} and {{Communication Systems}}},
  author = {Alem, Yibeltal F. and Chae, Daniel H. and Kennedy, Rodney A.},
  year = {2012},
  month = dec,
  pages = {1--6},
  doi = {10/ghdmgj}
}

@book{freeden2008spherical,
  title = {Spherical {{Functions}} of {{Mathematical Geosciences}}: {{A Scalar}}, {{Vectorial}}, and {{Tensorial Setup}}},
  shorttitle = {Spherical {{Functions}} of {{Mathematical Geosciences}}},
  author = {Freeden, Willi and Schreiner, Michael},
  year = {2008},
  month = dec,
  publisher = {{Springer Science {$\&$} Business Media}},
  googlebooks = {HJoVUv2xFXsC},
  isbn = {978-3-540-85112-7}
}

@book{freeden2018spherical,
  title = {Spherical {{Sampling}}},
  author = {Freeden, Willi and Nashed, M. Zuhair and Schreiner, Michael},
  editor = {Freeden, Willi and Nashed, M. Zuhair and Schreiner, Michael},
  year = {2018},
  publisher = {{Springer International Publishing}},
  doi = {10.1007/978-3-319-71458-5_19},
  isbn = {978-3-319-71458-5},
  series = {Geosystems {{Mathematics}}}
}

@article{leonhardt1995quantumstate,
  title = {Quantum-{{State Tomography}} and {{Discrete Wigner Function}}},
  author = {Leonhardt, Ulf},
  year = {1995},
  month = may,
  volume = {74},
  pages = {4101--4105},
  publisher = {{American Physical Society}},
  doi = {10/cgd6wt},
  journal = {Physical Review Letters},
  number = {21}
}

@article{leonhardt1996discrete,
  title = {Discrete {{Wigner}} Function and Quantum-State Tomography},
  author = {Leonhardt, Ulf},
  year = {1996},
  month = may,
  volume = {53},
  pages = {2998--3013},
  publisher = {{American Physical Society}},
  doi = {10/cstzmv},
  journal = {Physical Review A},
  number = {5}
}

@article{kryszewski2006positivity,
  title = {Positivity of the $N\times N$ density matrix expressed in terms of polarization operators},
  author = {Kryszewski, S. and Zachcia\l, M.},
  year = {2006},
  month = may,
  volume = {39},
  pages = {5921–5931},
  publisher = {IOP Publishing},
  issn = {0305-4470},
  doi = {10/fdt3vm},
  journal = {Journal of Physics A: Mathematical and General},
  number = {20}
}

@article{bertlmann2008bloch,
  title = {Bloch Vectors for Qudits},
  author = {Bertlmann, Reinhold A. and Krammer, Philipp},
  year = {2008},
  month = may,
  volume = {41},
  pages = {235303},
  issn = {1751-8121},
  doi = {10/bj8k9k},
  journal = {Journal of Physics A: Mathematical and Theoretical},
  number = {23}
}

@article{li2013weylwignermoyal,
  title = {The {{Weyl}}-{{Wigner}}-{{Moyal}} Formalism for Spin},
  author = {Li, Feifei and Braun, Carol and Garg, Anupam},
  year = {2013},
  month = jun,
  volume = {102},
  pages = {60006},
  publisher = {{IOP Publishing}},
  issn = {0295-5075},
  doi = {10/ghdrs4},
  journal = {EPL (Europhysics Letters)},
  number = {6}
}

@book{brown2003rotational,
  title = {Rotational {{Spectroscopy}} of {{Diatomic Molecules}}},
  author = {Brown, John and Carrington, Alan},
  year = {2003},
  publisher = {{Cambridge University Press}}
}

@book{rose1957elementary,
  title = {Elementary {{Theory}} of {{Angular Momentum}}},
  author = {Rose, M.E.},
  year = {1957}
}

@book{cornwell1997group,
  title = {Group {{Theory}} in {{Physics}}},
  author = {Cornwell, J.F.},
  year = {1997}
}

@book{hall2015lie,
  title = {Lie Groups, {{Lie}} Algebras, and Representations: An Elementary Introduction},
  author = {Hall, Brian C.},
  year = {2015},
  edition = {Second},
  publisher = {{Springer}},
  isbn = {3-319-13466-3 978-3-319-13466-6 978-3-319-13467-3 3-319-13467-1}
}

@article{goban2018emergence,
  title = {Emergence of Multi-Body Interactions in a Fermionic Lattice Clock},
  author = {Goban, A. and Hutson, R. B. and Marti, G. E. and Campbell, S. L. and Perlin, M. A. and Julienne, P. S. and D'Incao, J. P. and Rey, A. M. and Ye, J.},
  year = {2018},
  month = nov,
  volume = {563},
  pages = {369},
  issn = {1476-4687},
  doi = {10/gfgqn2},
  journal = {Nature},
  number = {7731}
}


@article{zhang2014spectroscopic,
  title = {Spectroscopic observation of $\mathrm{SU}(N)$-symmetric interactions in Sr orbital magnetism},
  author = {Zhang, X. and Bishof, M. and Bromley, S. L. and Kraus, C. V. and Safronova, M. S. and Zoller, P. and Rey, A. M. and Ye, J.},
  year = {2014},
  month = sep,
  volume = {345},
  pages = {1467-1473},
  issn = {0036-8075, 1095-9203},
  doi = {10/vgk},
  annotation = {00000},
  journal = {Science},
  number = {6203},
  pmid = {25147278}
}

@article{scazza2014observation,
  title = {Observation of two-orbital spin-exchange interactions with ultracold $\mathrm{SU}(N)$-symmetric fermions},
  author = {Scazza, F. and Hofrichter, C. and Höfer, M. and Groot, P. C. De and Bloch, I. and Fölling, S.},
  year = {2014},
  month = oct,
  volume = {10},
  pages = {779},
  issn = {1745-2481},
  doi = {10/gcsjd4},
  annotation = {00000},
  journal = {Nature Physics},
  number = {10}
}

@article{giovannetti2006quantum,
  title = {Quantum {{Metrology}}},
  author = {Giovannetti, Vittorio and Lloyd, Seth and Maccone, Lorenzo},
  year = {2006},
  month = jan,
  volume = {96},
  pages = {010401},
  issn = {0031-9007, 1079-7114},
  doi = {10/dg2688},
  journal = {Physical Review Letters},
  number = {1}
}

@article{schmied2011tomographic,
  title = {Tomographic Reconstruction of the {{Wigner}} Function on the {{Bloch}} Sphere},
  author = {Schmied, Roman and Treutlein, Philipp},
  year = {2011},
  month = jun,
  volume = {13},
  pages = {065019},
  issn = {1367-2630},
  doi = {10/ct9fx6},
  journal = {New Journal of Physics},
  number = {6}
}
